%YAML 1.1
%TAG !u! tag:unity3d.com,2011:
--- !u!29 &1
OcclusionCullingSettings:
  m_ObjectHideFlags: 0
  serializedVersion: 2
  m_OcclusionBakeSettings:
    smallestOccluder: 5
    smallestHole: 0.25
    backfaceThreshold: 100
  m_SceneGUID: 00000000000000000000000000000000
  m_OcclusionCullingData: {fileID: 0}
--- !u!104 &2
RenderSettings:
  m_ObjectHideFlags: 0
  serializedVersion: 8
  m_Fog: 0
  m_FogColor: {r: 0.5, g: 0.5, b: 0.5, a: 1}
  m_FogMode: 3
  m_FogDensity: 0.01
  m_LinearFogStart: 0
  m_LinearFogEnd: 300
  m_AmbientSkyColor: {r: 0.212, g: 0.227, b: 0.259, a: 1}
  m_AmbientEquatorColor: {r: 0.114, g: 0.125, b: 0.133, a: 1}
  m_AmbientGroundColor: {r: 0.047, g: 0.043, b: 0.035, a: 1}
  m_AmbientIntensity: 1
  m_AmbientMode: 3
  m_SubtractiveShadowColor: {r: 0.42, g: 0.478, b: 0.627, a: 1}
  m_SkyboxMaterial: {fileID: 0}
  m_HaloStrength: 0.5
  m_FlareStrength: 1
  m_FlareFadeSpeed: 3
  m_HaloTexture: {fileID: 0}
  m_SpotCookie: {fileID: 10001, guid: 0000000000000000e000000000000000, type: 0}
  m_DefaultReflectionMode: 0
  m_DefaultReflectionResolution: 128
  m_ReflectionBounces: 1
  m_ReflectionIntensity: 1
  m_CustomReflection: {fileID: 0}
  m_Sun: {fileID: 0}
  m_IndirectSpecularColor: {r: 0, g: 0, b: 0, a: 1}
--- !u!157 &3
LightmapSettings:
  m_ObjectHideFlags: 0
  serializedVersion: 9
  m_GIWorkflowMode: 1
  m_GISettings:
    serializedVersion: 2
    m_BounceScale: 1
    m_IndirectOutputScale: 1
    m_AlbedoBoost: 1
    m_TemporalCoherenceThreshold: 1
    m_EnvironmentLightingMode: 0
    m_EnableBakedLightmaps: 0
    m_EnableRealtimeLightmaps: 0
  m_LightmapEditorSettings:
    serializedVersion: 8
    m_Resolution: 2
    m_BakeResolution: 40
    m_TextureWidth: 1024
    m_TextureHeight: 1024
    m_AO: 0
    m_AOMaxDistance: 1
    m_CompAOExponent: 1
    m_CompAOExponentDirect: 0
    m_Padding: 2
    m_LightmapParameters: {fileID: 0}
    m_LightmapsBakeMode: 1
    m_TextureCompression: 1
    m_FinalGather: 0
    m_FinalGatherFiltering: 1
    m_FinalGatherRayCount: 256
    m_ReflectionCompression: 2
    m_MixedBakeMode: 3
    m_BakeBackend: 0
    m_PVRSampling: 1
    m_PVRDirectSampleCount: 32
    m_PVRSampleCount: 500
    m_PVRBounces: 2
    m_PVRFiltering: 0
    m_PVRFilteringMode: 1
    m_PVRCulling: 1
    m_PVRFilteringGaussRadiusDirect: 1
    m_PVRFilteringGaussRadiusIndirect: 5
    m_PVRFilteringGaussRadiusAO: 2
    m_PVRFilteringAtrousColorSigma: 1
    m_PVRFilteringAtrousNormalSigma: 1
    m_PVRFilteringAtrousPositionSigma: 1
  m_LightingDataAsset: {fileID: 0}
  m_ShadowMaskMode: 2
--- !u!196 &4
NavMeshSettings:
  serializedVersion: 2
  m_ObjectHideFlags: 0
  m_BuildSettings:
    serializedVersion: 2
    agentTypeID: 0
    agentRadius: 0.5
    agentHeight: 2
    agentSlope: 45
    agentClimb: 0.4
    ledgeDropHeight: 0
    maxJumpAcrossDistance: 0
    minRegionArea: 2
    manualCellSize: 0
    cellSize: 0.16666667
    manualTileSize: 0
    tileSize: 256
    accuratePlacement: 0
  m_NavMeshData: {fileID: 0}
--- !u!1 &57286752
GameObject:
  m_ObjectHideFlags: 0
  m_PrefabParentObject: {fileID: 1844385919762800, guid: a238e80981bb66647baa8020c3593de3,
    type: 2}
  m_PrefabInternal: {fileID: 1082326830}
  serializedVersion: 5
  m_Component:
  - component: {fileID: 57286753}
  - component: {fileID: 57286755}
  - component: {fileID: 57286754}
  m_Layer: 5
  m_Name: Panel (5)
  m_TagString: Untagged
  m_Icon: {fileID: 0}
  m_NavMeshLayer: 0
  m_StaticEditorFlags: 0
  m_IsActive: 1
--- !u!224 &57286753
RectTransform:
  m_ObjectHideFlags: 0
  m_PrefabParentObject: {fileID: 224880926738397386, guid: a238e80981bb66647baa8020c3593de3,
    type: 2}
  m_PrefabInternal: {fileID: 1082326830}
  m_GameObject: {fileID: 57286752}
  m_LocalRotation: {x: -0, y: -0, z: -0, w: 1}
  m_LocalPosition: {x: 0, y: 0, z: 0}
  m_LocalScale: {x: 1, y: 1, z: 1}
  m_Children: []
  m_Father: {fileID: 2125227319}
  m_RootOrder: 5
  m_LocalEulerAnglesHint: {x: 0, y: 0, z: 0}
  m_AnchorMin: {x: 0, y: 0}
  m_AnchorMax: {x: 1, y: 1}
  m_AnchoredPosition: {x: -62.70002, y: -0.0000076294}
  m_SizeDelta: {x: -143.30002, y: -128.9}
  m_Pivot: {x: 0.5, y: 0.5}
--- !u!114 &57286754
MonoBehaviour:
  m_ObjectHideFlags: 0
  m_PrefabParentObject: {fileID: 114689092613239884, guid: a238e80981bb66647baa8020c3593de3,
    type: 2}
  m_PrefabInternal: {fileID: 1082326830}
  m_GameObject: {fileID: 57286752}
  m_Enabled: 1
  m_EditorHideFlags: 0
  m_Script: {fileID: -765806418, guid: f70555f144d8491a825f0804e09c671c, type: 3}
  m_Name: 
  m_EditorClassIdentifier: 
  m_Material: {fileID: 0}
  m_Color: {r: 1, g: 1, b: 1, a: 0.392}
  m_RaycastTarget: 1
  m_OnCullStateChanged:
    m_PersistentCalls:
      m_Calls: []
    m_TypeName: UnityEngine.UI.MaskableGraphic+CullStateChangedEvent, UnityEngine.UI,
      Version=1.0.0.0, Culture=neutral, PublicKeyToken=null
  m_Sprite: {fileID: 10907, guid: 0000000000000000f000000000000000, type: 0}
  m_Type: 1
  m_PreserveAspect: 0
  m_FillCenter: 1
  m_FillMethod: 4
  m_FillAmount: 1
  m_FillClockwise: 1
  m_FillOrigin: 0
--- !u!222 &57286755
CanvasRenderer:
  m_ObjectHideFlags: 0
  m_PrefabParentObject: {fileID: 222520416162462822, guid: a238e80981bb66647baa8020c3593de3,
    type: 2}
  m_PrefabInternal: {fileID: 1082326830}
  m_GameObject: {fileID: 57286752}
--- !u!1 &77047218
GameObject:
  m_ObjectHideFlags: 0
  m_PrefabParentObject: {fileID: 1018654486431920, guid: a238e80981bb66647baa8020c3593de3,
    type: 2}
  m_PrefabInternal: {fileID: 1082326830}
  serializedVersion: 5
  m_Component:
  - component: {fileID: 77047219}
  - component: {fileID: 77047221}
  - component: {fileID: 77047220}
  m_Layer: 5
  m_Name: Text
  m_TagString: Untagged
  m_Icon: {fileID: 0}
  m_NavMeshLayer: 0
  m_StaticEditorFlags: 0
  m_IsActive: 1
--- !u!224 &77047219
RectTransform:
  m_ObjectHideFlags: 0
  m_PrefabParentObject: {fileID: 224001232687783822, guid: a238e80981bb66647baa8020c3593de3,
    type: 2}
  m_PrefabInternal: {fileID: 1082326830}
  m_GameObject: {fileID: 77047218}
  m_LocalRotation: {x: 0, y: 0, z: 0, w: 1}
  m_LocalPosition: {x: 0, y: 0, z: 0}
  m_LocalScale: {x: 1, y: 1, z: 1}
  m_Children: []
  m_Father: {fileID: 177535111}
  m_RootOrder: 0
  m_LocalEulerAnglesHint: {x: 0, y: 0, z: 0}
  m_AnchorMin: {x: 0, y: 0}
  m_AnchorMax: {x: 1, y: 1}
  m_AnchoredPosition: {x: 0, y: 0}
  m_SizeDelta: {x: 0, y: 0}
  m_Pivot: {x: 0.5, y: 0.5}
--- !u!114 &77047220
MonoBehaviour:
  m_ObjectHideFlags: 0
  m_PrefabParentObject: {fileID: 114144343948842224, guid: a238e80981bb66647baa8020c3593de3,
    type: 2}
  m_PrefabInternal: {fileID: 1082326830}
  m_GameObject: {fileID: 77047218}
  m_Enabled: 1
  m_EditorHideFlags: 0
  m_Script: {fileID: 708705254, guid: f70555f144d8491a825f0804e09c671c, type: 3}
  m_Name: 
  m_EditorClassIdentifier: 
  m_Material: {fileID: 0}
  m_Color: {r: 0.19607843, g: 0.19607843, b: 0.19607843, a: 1}
  m_RaycastTarget: 1
  m_OnCullStateChanged:
    m_PersistentCalls:
      m_Calls: []
    m_TypeName: UnityEngine.UI.MaskableGraphic+CullStateChangedEvent, UnityEngine.UI,
      Version=1.0.0.0, Culture=neutral, PublicKeyToken=null
  m_FontData:
    m_Font: {fileID: 10102, guid: 0000000000000000e000000000000000, type: 0}
    m_FontSize: 14
    m_FontStyle: 0
    m_BestFit: 0
    m_MinSize: 10
    m_MaxSize: 40
    m_Alignment: 4
    m_AlignByGeometry: 0
    m_RichText: 1
    m_HorizontalOverflow: 0
    m_VerticalOverflow: 0
    m_LineSpacing: 1
  m_Text: 'options

'
--- !u!222 &77047221
CanvasRenderer:
  m_ObjectHideFlags: 0
  m_PrefabParentObject: {fileID: 222056094109137664, guid: a238e80981bb66647baa8020c3593de3,
    type: 2}
  m_PrefabInternal: {fileID: 1082326830}
  m_GameObject: {fileID: 77047218}
--- !u!1 &109613379
GameObject:
  m_ObjectHideFlags: 0
  m_PrefabParentObject: {fileID: 1092488889310860, guid: a238e80981bb66647baa8020c3593de3,
    type: 2}
  m_PrefabInternal: {fileID: 1082326830}
  serializedVersion: 5
  m_Component:
  - component: {fileID: 109613380}
  - component: {fileID: 109613382}
  - component: {fileID: 109613381}
  m_Layer: 5
  m_Name: Text
  m_TagString: Untagged
  m_Icon: {fileID: 0}
  m_NavMeshLayer: 0
  m_StaticEditorFlags: 0
  m_IsActive: 1
--- !u!224 &109613380
RectTransform:
  m_ObjectHideFlags: 0
  m_PrefabParentObject: {fileID: 224743939302830772, guid: a238e80981bb66647baa8020c3593de3,
    type: 2}
  m_PrefabInternal: {fileID: 1082326830}
  m_GameObject: {fileID: 109613379}
  m_LocalRotation: {x: 0, y: 0, z: 0, w: 1}
  m_LocalPosition: {x: 0, y: 0, z: 0}
  m_LocalScale: {x: 1, y: 1, z: 1}
  m_Children: []
  m_Father: {fileID: 1775915532}
  m_RootOrder: 0
  m_LocalEulerAnglesHint: {x: 0, y: 0, z: 0}
  m_AnchorMin: {x: 0.5, y: 0.5}
  m_AnchorMax: {x: 0.5, y: 0.5}
  m_AnchoredPosition: {x: -40, y: 11.775}
  m_SizeDelta: {x: 80, y: 23.55}
  m_Pivot: {x: 0.5, y: 0.5}
--- !u!114 &109613381
MonoBehaviour:
  m_ObjectHideFlags: 0
  m_PrefabParentObject: {fileID: 114158723753897086, guid: a238e80981bb66647baa8020c3593de3,
    type: 2}
  m_PrefabInternal: {fileID: 1082326830}
  m_GameObject: {fileID: 109613379}
  m_Enabled: 1
  m_EditorHideFlags: 0
  m_Script: {fileID: 708705254, guid: f70555f144d8491a825f0804e09c671c, type: 3}
  m_Name: 
  m_EditorClassIdentifier: 
  m_Material: {fileID: 0}
  m_Color: {r: 0.19607843, g: 0.19607843, b: 0.19607843, a: 1}
  m_RaycastTarget: 1
  m_OnCullStateChanged:
    m_PersistentCalls:
      m_Calls: []
    m_TypeName: UnityEngine.UI.MaskableGraphic+CullStateChangedEvent, UnityEngine.UI,
      Version=1.0.0.0, Culture=neutral, PublicKeyToken=null
  m_FontData:
    m_Font: {fileID: 10102, guid: 0000000000000000e000000000000000, type: 0}
    m_FontSize: 14
    m_FontStyle: 0
    m_BestFit: 0
    m_MinSize: 10
    m_MaxSize: 40
    m_Alignment: 0
    m_AlignByGeometry: 0
    m_RichText: 1
    m_HorizontalOverflow: 0
    m_VerticalOverflow: 0
    m_LineSpacing: 1
  m_Text: New Text
--- !u!222 &109613382
CanvasRenderer:
  m_ObjectHideFlags: 0
  m_PrefabParentObject: {fileID: 222820117008736988, guid: a238e80981bb66647baa8020c3593de3,
    type: 2}
  m_PrefabInternal: {fileID: 1082326830}
  m_GameObject: {fileID: 109613379}
--- !u!1 &177535110
GameObject:
  m_ObjectHideFlags: 0
  m_PrefabParentObject: {fileID: 1406451171782152, guid: a238e80981bb66647baa8020c3593de3,
    type: 2}
  m_PrefabInternal: {fileID: 1082326830}
  serializedVersion: 5
  m_Component:
  - component: {fileID: 177535111}
  - component: {fileID: 177535114}
  - component: {fileID: 177535113}
  - component: {fileID: 177535112}
  m_Layer: 5
  m_Name: Button
  m_TagString: Untagged
  m_Icon: {fileID: 0}
  m_NavMeshLayer: 0
  m_StaticEditorFlags: 0
  m_IsActive: 1
--- !u!224 &177535111
RectTransform:
  m_ObjectHideFlags: 0
  m_PrefabParentObject: {fileID: 224621312103400928, guid: a238e80981bb66647baa8020c3593de3,
    type: 2}
  m_PrefabInternal: {fileID: 1082326830}
  m_GameObject: {fileID: 177535110}
  m_LocalRotation: {x: 0, y: 0, z: 0, w: 1}
  m_LocalPosition: {x: 0, y: 0, z: 0}
  m_LocalScale: {x: 1, y: 1, z: 1}
  m_Children:
  - {fileID: 77047219}
  m_Father: {fileID: 1750992398}
  m_RootOrder: 1
  m_LocalEulerAnglesHint: {x: 0, y: 0, z: 0}
  m_AnchorMin: {x: 0.5, y: 0.5}
  m_AnchorMax: {x: 0.5, y: 0.5}
  m_AnchoredPosition: {x: -349, y: 3}
  m_SizeDelta: {x: 82, y: 35}
  m_Pivot: {x: 0.5, y: 0.5}
--- !u!114 &177535112
MonoBehaviour:
  m_ObjectHideFlags: 0
  m_PrefabParentObject: {fileID: 114569366387721482, guid: a238e80981bb66647baa8020c3593de3,
    type: 2}
  m_PrefabInternal: {fileID: 1082326830}
  m_GameObject: {fileID: 177535110}
  m_Enabled: 1
  m_EditorHideFlags: 0
  m_Script: {fileID: 1392445389, guid: f70555f144d8491a825f0804e09c671c, type: 3}
  m_Name: 
  m_EditorClassIdentifier: 
  m_Navigation:
    m_Mode: 3
    m_SelectOnUp: {fileID: 0}
    m_SelectOnDown: {fileID: 0}
    m_SelectOnLeft: {fileID: 0}
    m_SelectOnRight: {fileID: 0}
  m_Transition: 1
  m_Colors:
    m_NormalColor: {r: 1, g: 1, b: 1, a: 1}
    m_HighlightedColor: {r: 0.9607843, g: 0.9607843, b: 0.9607843, a: 1}
    m_PressedColor: {r: 0.78431374, g: 0.78431374, b: 0.78431374, a: 1}
    m_DisabledColor: {r: 0.78431374, g: 0.78431374, b: 0.78431374, a: 0.5019608}
    m_ColorMultiplier: 1
    m_FadeDuration: 0.1
  m_SpriteState:
    m_HighlightedSprite: {fileID: 0}
    m_PressedSprite: {fileID: 0}
    m_DisabledSprite: {fileID: 0}
  m_AnimationTriggers:
    m_NormalTrigger: Normal
    m_HighlightedTrigger: Highlighted
    m_PressedTrigger: Pressed
    m_DisabledTrigger: Disabled
  m_Interactable: 1
  m_TargetGraphic: {fileID: 177535113}
  m_OnClick:
    m_PersistentCalls:
      m_Calls: []
    m_TypeName: UnityEngine.UI.Button+ButtonClickedEvent, UnityEngine.UI, Version=1.0.0.0,
      Culture=neutral, PublicKeyToken=null
--- !u!114 &177535113
MonoBehaviour:
  m_ObjectHideFlags: 0
  m_PrefabParentObject: {fileID: 114648438046535986, guid: a238e80981bb66647baa8020c3593de3,
    type: 2}
  m_PrefabInternal: {fileID: 1082326830}
  m_GameObject: {fileID: 177535110}
  m_Enabled: 1
  m_EditorHideFlags: 0
  m_Script: {fileID: -765806418, guid: f70555f144d8491a825f0804e09c671c, type: 3}
  m_Name: 
  m_EditorClassIdentifier: 
  m_Material: {fileID: 0}
  m_Color: {r: 1, g: 1, b: 1, a: 1}
  m_RaycastTarget: 1
  m_OnCullStateChanged:
    m_PersistentCalls:
      m_Calls: []
    m_TypeName: UnityEngine.UI.MaskableGraphic+CullStateChangedEvent, UnityEngine.UI,
      Version=1.0.0.0, Culture=neutral, PublicKeyToken=null
  m_Sprite: {fileID: 10905, guid: 0000000000000000f000000000000000, type: 0}
  m_Type: 1
  m_PreserveAspect: 0
  m_FillCenter: 1
  m_FillMethod: 4
  m_FillAmount: 1
  m_FillClockwise: 1
  m_FillOrigin: 0
--- !u!222 &177535114
CanvasRenderer:
  m_ObjectHideFlags: 0
  m_PrefabParentObject: {fileID: 222196255799407722, guid: a238e80981bb66647baa8020c3593de3,
    type: 2}
  m_PrefabInternal: {fileID: 1082326830}
  m_GameObject: {fileID: 177535110}
--- !u!1 &212255049
GameObject:
  m_ObjectHideFlags: 0
  m_PrefabParentObject: {fileID: 0}
  m_PrefabInternal: {fileID: 0}
  serializedVersion: 5
  m_Component:
  - component: {fileID: 212255051}
  - component: {fileID: 212255050}
  - component: {fileID: 212255052}
  m_Layer: 0
  m_Name: gamespaksmanager
  m_TagString: Untagged
  m_Icon: {fileID: 0}
  m_NavMeshLayer: 0
  m_StaticEditorFlags: 0
  m_IsActive: 1
--- !u!114 &212255050
MonoBehaviour:
  m_ObjectHideFlags: 0
  m_PrefabParentObject: {fileID: 0}
  m_PrefabInternal: {fileID: 0}
  m_GameObject: {fileID: 212255049}
  m_Enabled: 1
  m_EditorHideFlags: 0
  m_Script: {fileID: 11500000, guid: ca1390bc64bbdfc4a954c3dfa8d20406, type: 3}
  m_Name: 
  m_EditorClassIdentifier: 
  settings: {fileID: 0}
--- !u!4 &212255051
Transform:
  m_ObjectHideFlags: 0
  m_PrefabParentObject: {fileID: 0}
  m_PrefabInternal: {fileID: 0}
  m_GameObject: {fileID: 212255049}
  m_LocalRotation: {x: 0, y: 0, z: 0, w: 1}
  m_LocalPosition: {x: -8.402251, y: 23.569462, z: -152}
  m_LocalScale: {x: 1, y: 1, z: 1}
  m_Children: []
  m_Father: {fileID: 0}
  m_RootOrder: 3
  m_LocalEulerAnglesHint: {x: 0, y: 0, z: 0}
--- !u!114 &212255052
MonoBehaviour:
  m_ObjectHideFlags: 0
  m_PrefabParentObject: {fileID: 0}
  m_PrefabInternal: {fileID: 0}
  m_GameObject: {fileID: 212255049}
  m_Enabled: 1
  m_EditorHideFlags: 0
  m_Script: {fileID: 11500000, guid: 19bd596575b4ce94b9c733d9ae9a1909, type: 3}
  m_Name: 
  m_EditorClassIdentifier: 
--- !u!1 &248704004
GameObject:
  m_ObjectHideFlags: 0
  m_PrefabParentObject: {fileID: 1933139325558250, guid: a238e80981bb66647baa8020c3593de3,
    type: 2}
  m_PrefabInternal: {fileID: 1082326830}
  serializedVersion: 5
  m_Component:
  - component: {fileID: 248704005}
  - component: {fileID: 248704007}
  - component: {fileID: 248704006}
  m_Layer: 5
  m_Name: Panel (10)
  m_TagString: Untagged
  m_Icon: {fileID: 0}
  m_NavMeshLayer: 0
  m_StaticEditorFlags: 0
  m_IsActive: 1
--- !u!224 &248704005
RectTransform:
  m_ObjectHideFlags: 0
  m_PrefabParentObject: {fileID: 224028260024627468, guid: a238e80981bb66647baa8020c3593de3,
    type: 2}
  m_PrefabInternal: {fileID: 1082326830}
  m_GameObject: {fileID: 248704004}
  m_LocalRotation: {x: -0, y: -0, z: -0, w: 1}
  m_LocalPosition: {x: 0, y: 0, z: 0}
  m_LocalScale: {x: 1, y: 1, z: 1}
  m_Children: []
  m_Father: {fileID: 2125227319}
  m_RootOrder: 9
  m_LocalEulerAnglesHint: {x: 0, y: 0, z: 0}
  m_AnchorMin: {x: 0, y: 0}
  m_AnchorMax: {x: 1, y: 1}
  m_AnchoredPosition: {x: -203.5, y: -53.65}
  m_SizeDelta: {x: -143.30002, y: -129}
  m_Pivot: {x: 0.5695406, y: 0.49999994}
--- !u!114 &248704006
MonoBehaviour:
  m_ObjectHideFlags: 0
  m_PrefabParentObject: {fileID: 114189510958839368, guid: a238e80981bb66647baa8020c3593de3,
    type: 2}
  m_PrefabInternal: {fileID: 1082326830}
  m_GameObject: {fileID: 248704004}
  m_Enabled: 1
  m_EditorHideFlags: 0
  m_Script: {fileID: -765806418, guid: f70555f144d8491a825f0804e09c671c, type: 3}
  m_Name: 
  m_EditorClassIdentifier: 
  m_Material: {fileID: 0}
  m_Color: {r: 1, g: 1, b: 1, a: 0.392}
  m_RaycastTarget: 1
  m_OnCullStateChanged:
    m_PersistentCalls:
      m_Calls: []
    m_TypeName: UnityEngine.UI.MaskableGraphic+CullStateChangedEvent, UnityEngine.UI,
      Version=1.0.0.0, Culture=neutral, PublicKeyToken=null
  m_Sprite: {fileID: 10907, guid: 0000000000000000f000000000000000, type: 0}
  m_Type: 1
  m_PreserveAspect: 0
  m_FillCenter: 1
  m_FillMethod: 4
  m_FillAmount: 1
  m_FillClockwise: 1
  m_FillOrigin: 0
--- !u!222 &248704007
CanvasRenderer:
  m_ObjectHideFlags: 0
  m_PrefabParentObject: {fileID: 222664398237444488, guid: a238e80981bb66647baa8020c3593de3,
    type: 2}
  m_PrefabInternal: {fileID: 1082326830}
  m_GameObject: {fileID: 248704004}
--- !u!1 &260120806
GameObject:
  m_ObjectHideFlags: 0
  m_PrefabParentObject: {fileID: 1911810138649628, guid: a238e80981bb66647baa8020c3593de3,
    type: 2}
  m_PrefabInternal: {fileID: 1082326830}
  serializedVersion: 5
  m_Component:
  - component: {fileID: 260120807}
  - component: {fileID: 260120809}
  - component: {fileID: 260120808}
  m_Layer: 5
  m_Name: Panel
  m_TagString: Untagged
  m_Icon: {fileID: 0}
  m_NavMeshLayer: 0
  m_StaticEditorFlags: 0
  m_IsActive: 1
--- !u!224 &260120807
RectTransform:
  m_ObjectHideFlags: 0
  m_PrefabParentObject: {fileID: 224371174512682794, guid: a238e80981bb66647baa8020c3593de3,
    type: 2}
  m_PrefabInternal: {fileID: 1082326830}
  m_GameObject: {fileID: 260120806}
  m_LocalRotation: {x: 0, y: 0, z: 0, w: 1}
  m_LocalPosition: {x: 0, y: 0, z: 0}
  m_LocalScale: {x: 1, y: 1, z: 1}
  m_Children: []
  m_Father: {fileID: 2125227319}
  m_RootOrder: 0
  m_LocalEulerAnglesHint: {x: 0, y: 0, z: 0}
  m_AnchorMin: {x: 0, y: 0}
  m_AnchorMax: {x: 1, y: 1}
  m_AnchoredPosition: {x: -62.699997, y: 56}
  m_SizeDelta: {x: -143.3, y: -128.9}
  m_Pivot: {x: 0.5, y: 0.5}
--- !u!114 &260120808
MonoBehaviour:
  m_ObjectHideFlags: 0
  m_PrefabParentObject: {fileID: 114299984149119964, guid: a238e80981bb66647baa8020c3593de3,
    type: 2}
  m_PrefabInternal: {fileID: 1082326830}
  m_GameObject: {fileID: 260120806}
  m_Enabled: 1
  m_EditorHideFlags: 0
  m_Script: {fileID: -765806418, guid: f70555f144d8491a825f0804e09c671c, type: 3}
  m_Name: 
  m_EditorClassIdentifier: 
  m_Material: {fileID: 0}
  m_Color: {r: 1, g: 1, b: 1, a: 0.392}
  m_RaycastTarget: 1
  m_OnCullStateChanged:
    m_PersistentCalls:
      m_Calls: []
    m_TypeName: UnityEngine.UI.MaskableGraphic+CullStateChangedEvent, UnityEngine.UI,
      Version=1.0.0.0, Culture=neutral, PublicKeyToken=null
  m_Sprite: {fileID: 10907, guid: 0000000000000000f000000000000000, type: 0}
  m_Type: 1
  m_PreserveAspect: 0
  m_FillCenter: 1
  m_FillMethod: 4
  m_FillAmount: 1
  m_FillClockwise: 1
  m_FillOrigin: 0
--- !u!222 &260120809
CanvasRenderer:
  m_ObjectHideFlags: 0
  m_PrefabParentObject: {fileID: 222097586594515148, guid: a238e80981bb66647baa8020c3593de3,
    type: 2}
  m_PrefabInternal: {fileID: 1082326830}
  m_GameObject: {fileID: 260120806}
--- !u!1 &262355174
GameObject:
  m_ObjectHideFlags: 0
  m_PrefabParentObject: {fileID: 1093867563734014, guid: a238e80981bb66647baa8020c3593de3,
    type: 2}
  m_PrefabInternal: {fileID: 1082326830}
  serializedVersion: 5
  m_Component:
  - component: {fileID: 262355175}
  - component: {fileID: 262355177}
  - component: {fileID: 262355176}
  m_Layer: 5
  m_Name: Panel (2)
  m_TagString: Untagged
  m_Icon: {fileID: 0}
  m_NavMeshLayer: 0
  m_StaticEditorFlags: 0
  m_IsActive: 1
--- !u!224 &262355175
RectTransform:
  m_ObjectHideFlags: 0
  m_PrefabParentObject: {fileID: 224251740907862184, guid: a238e80981bb66647baa8020c3593de3,
    type: 2}
  m_PrefabInternal: {fileID: 1082326830}
  m_GameObject: {fileID: 262355174}
  m_LocalRotation: {x: -0, y: -0, z: -0, w: 1}
  m_LocalPosition: {x: 0, y: 0, z: 0}
  m_LocalScale: {x: 1, y: 1, z: 1}
  m_Children: []
  m_Father: {fileID: 2125227319}
  m_RootOrder: 2
  m_LocalEulerAnglesHint: {x: 0, y: 0, z: 0}
  m_AnchorMin: {x: 0, y: 0}
  m_AnchorMax: {x: 1, y: 1}
  m_AnchoredPosition: {x: 62.7, y: 56}
  m_SizeDelta: {x: -143.30002, y: -128.9}
  m_Pivot: {x: 0.5, y: 0.5}
--- !u!114 &262355176
MonoBehaviour:
  m_ObjectHideFlags: 0
  m_PrefabParentObject: {fileID: 114450304828924812, guid: a238e80981bb66647baa8020c3593de3,
    type: 2}
  m_PrefabInternal: {fileID: 1082326830}
  m_GameObject: {fileID: 262355174}
  m_Enabled: 1
  m_EditorHideFlags: 0
  m_Script: {fileID: -765806418, guid: f70555f144d8491a825f0804e09c671c, type: 3}
  m_Name: 
  m_EditorClassIdentifier: 
  m_Material: {fileID: 0}
  m_Color: {r: 1, g: 1, b: 1, a: 0.392}
  m_RaycastTarget: 1
  m_OnCullStateChanged:
    m_PersistentCalls:
      m_Calls: []
    m_TypeName: UnityEngine.UI.MaskableGraphic+CullStateChangedEvent, UnityEngine.UI,
      Version=1.0.0.0, Culture=neutral, PublicKeyToken=null
  m_Sprite: {fileID: 10907, guid: 0000000000000000f000000000000000, type: 0}
  m_Type: 1
  m_PreserveAspect: 0
  m_FillCenter: 1
  m_FillMethod: 4
  m_FillAmount: 1
  m_FillClockwise: 1
  m_FillOrigin: 0
--- !u!222 &262355177
CanvasRenderer:
  m_ObjectHideFlags: 0
  m_PrefabParentObject: {fileID: 222369489233691482, guid: a238e80981bb66647baa8020c3593de3,
    type: 2}
  m_PrefabInternal: {fileID: 1082326830}
  m_GameObject: {fileID: 262355174}
--- !u!1 &267802601
GameObject:
  m_ObjectHideFlags: 0
  m_PrefabParentObject: {fileID: 1619745786847626, guid: 83fdb820a9571ab44afcbff65722bd9c,
    type: 2}
  m_PrefabInternal: {fileID: 1845620920}
  serializedVersion: 5
  m_Component:
  - component: {fileID: 267802602}
  - component: {fileID: 267802604}
  - component: {fileID: 267802603}
  m_Layer: 0
  m_Name: right
  m_TagString: sword
  m_Icon: {fileID: 0}
  m_NavMeshLayer: 0
  m_StaticEditorFlags: 0
  m_IsActive: 1
--- !u!4 &267802602
Transform:
  m_ObjectHideFlags: 0
  m_PrefabParentObject: {fileID: 4432080553320668, guid: 83fdb820a9571ab44afcbff65722bd9c,
    type: 2}
  m_PrefabInternal: {fileID: 1845620920}
  m_GameObject: {fileID: 267802601}
  m_LocalRotation: {x: -0, y: -0, z: -0, w: 1}
  m_LocalPosition: {x: 0.6375003, y: 0.03125, z: 0}
  m_LocalScale: {x: 0.38470832, y: 0.38470855, z: 0.33798534}
  m_Children: []
  m_Father: {fileID: 1994027437}
  m_RootOrder: 0
  m_LocalEulerAnglesHint: {x: 0, y: 0, z: 0}
--- !u!61 &267802603
BoxCollider2D:
  m_ObjectHideFlags: 0
  m_PrefabParentObject: {fileID: 61166973167953596, guid: 83fdb820a9571ab44afcbff65722bd9c,
    type: 2}
  m_PrefabInternal: {fileID: 1845620920}
  m_GameObject: {fileID: 267802601}
  m_Enabled: 1
  m_Density: 1
  m_Material: {fileID: 0}
  m_IsTrigger: 1
  m_UsedByEffector: 0
  m_UsedByComposite: 0
  m_Offset: {x: 0, y: 0}
  m_SpriteTilingProperty:
    border: {x: 0, y: 0, z: 0, w: 0}
    pivot: {x: 0.5, y: 0.5}
    oldSize: {x: 1, y: 1}
    newSize: {x: 1, y: 1}
    adaptiveTilingThreshold: 0.5
    drawMode: 0
    adaptiveTiling: 0
  m_AutoTiling: 0
  serializedVersion: 2
  m_Size: {x: 1, y: 1}
  m_EdgeRadius: 0
--- !u!212 &267802604
SpriteRenderer:
  m_ObjectHideFlags: 0
  m_PrefabParentObject: {fileID: 212850467281243864, guid: 83fdb820a9571ab44afcbff65722bd9c,
    type: 2}
  m_PrefabInternal: {fileID: 1845620920}
  m_GameObject: {fileID: 267802601}
  m_Enabled: 1
  m_CastShadows: 0
  m_ReceiveShadows: 0
  m_MotionVectors: 1
  m_LightProbeUsage: 1
  m_ReflectionProbeUsage: 1
  m_Materials:
  - {fileID: 10754, guid: 0000000000000000f000000000000000, type: 0}
  m_StaticBatchInfo:
    firstSubMesh: 0
    subMeshCount: 0
  m_StaticBatchRoot: {fileID: 0}
  m_ProbeAnchor: {fileID: 0}
  m_LightProbeVolumeOverride: {fileID: 0}
  m_ScaleInLightmap: 1
  m_PreserveUVs: 0
  m_IgnoreNormalsForChartDetection: 0
  m_ImportantGI: 0
  m_SelectedEditorRenderState: 0
  m_MinimumChartSize: 4
  m_AutoUVMaxDistance: 0.5
  m_AutoUVMaxAngle: 89
  m_LightmapParameters: {fileID: 0}
  m_SortingLayerID: 0
  m_SortingLayer: 0
  m_SortingOrder: 0
  m_Sprite: {fileID: 21300000, guid: 9ccb86696d0b4834a8f6f44712558e72, type: 3}
  m_Color: {r: 1, g: 1, b: 1, a: 1}
  m_FlipX: 0
  m_FlipY: 0
  m_DrawMode: 0
  m_Size: {x: 1, y: 1}
  m_AdaptiveModeThreshold: 0.5
  m_SpriteTileMode: 0
  m_WasSpriteAssigned: 1
--- !u!1 &318149034
GameObject:
  m_ObjectHideFlags: 0
  m_PrefabParentObject: {fileID: 1117698481114186, guid: a238e80981bb66647baa8020c3593de3,
    type: 2}
  m_PrefabInternal: {fileID: 1082326830}
  serializedVersion: 5
  m_Component:
  - component: {fileID: 318149035}
  - component: {fileID: 318149037}
  - component: {fileID: 318149036}
  m_Layer: 5
  m_Name: Text (2)
  m_TagString: Untagged
  m_Icon: {fileID: 0}
  m_NavMeshLayer: 0
  m_StaticEditorFlags: 0
  m_IsActive: 1
--- !u!224 &318149035
RectTransform:
  m_ObjectHideFlags: 0
  m_PrefabParentObject: {fileID: 224834118195192878, guid: a238e80981bb66647baa8020c3593de3,
    type: 2}
  m_PrefabInternal: {fileID: 1082326830}
  m_GameObject: {fileID: 318149034}
  m_LocalRotation: {x: -0, y: -0, z: -0, w: 1}
  m_LocalPosition: {x: 0, y: 0, z: 0}
  m_LocalScale: {x: 1, y: 1, z: 1}
  m_Children: []
  m_Father: {fileID: 1775915532}
  m_RootOrder: 2
  m_LocalEulerAnglesHint: {x: 0, y: 0, z: 0}
  m_AnchorMin: {x: 0.5, y: 0.5}
  m_AnchorMax: {x: 0.5, y: 0.5}
  m_AnchoredPosition: {x: 40.350014, y: -11.775}
  m_SizeDelta: {x: 80, y: 23.55}
  m_Pivot: {x: 0.5, y: 0.5}
--- !u!114 &318149036
MonoBehaviour:
  m_ObjectHideFlags: 0
  m_PrefabParentObject: {fileID: 114577987445353516, guid: a238e80981bb66647baa8020c3593de3,
    type: 2}
  m_PrefabInternal: {fileID: 1082326830}
  m_GameObject: {fileID: 318149034}
  m_Enabled: 1
  m_EditorHideFlags: 0
  m_Script: {fileID: 708705254, guid: f70555f144d8491a825f0804e09c671c, type: 3}
  m_Name: 
  m_EditorClassIdentifier: 
  m_Material: {fileID: 0}
  m_Color: {r: 0.19607843, g: 0.19607843, b: 0.19607843, a: 1}
  m_RaycastTarget: 1
  m_OnCullStateChanged:
    m_PersistentCalls:
      m_Calls: []
    m_TypeName: UnityEngine.UI.MaskableGraphic+CullStateChangedEvent, UnityEngine.UI,
      Version=1.0.0.0, Culture=neutral, PublicKeyToken=null
  m_FontData:
    m_Font: {fileID: 10102, guid: 0000000000000000e000000000000000, type: 0}
    m_FontSize: 14
    m_FontStyle: 0
    m_BestFit: 0
    m_MinSize: 10
    m_MaxSize: 40
    m_Alignment: 0
    m_AlignByGeometry: 0
    m_RichText: 1
    m_HorizontalOverflow: 0
    m_VerticalOverflow: 0
    m_LineSpacing: 1
  m_Text: New Text
--- !u!222 &318149037
CanvasRenderer:
  m_ObjectHideFlags: 0
  m_PrefabParentObject: {fileID: 222727893537737858, guid: a238e80981bb66647baa8020c3593de3,
    type: 2}
  m_PrefabInternal: {fileID: 1082326830}
  m_GameObject: {fileID: 318149034}
--- !u!1 &448880112
GameObject:
  m_ObjectHideFlags: 0
  m_PrefabParentObject: {fileID: 1683863125703956, guid: a238e80981bb66647baa8020c3593de3,
    type: 2}
  m_PrefabInternal: {fileID: 1082326830}
  serializedVersion: 5
  m_Component:
  - component: {fileID: 448880113}
  - component: {fileID: 448880115}
  - component: {fileID: 448880114}
  m_Layer: 5
  m_Name: Panel (6)
  m_TagString: Untagged
  m_Icon: {fileID: 0}
  m_NavMeshLayer: 0
  m_StaticEditorFlags: 0
  m_IsActive: 1
--- !u!224 &448880113
RectTransform:
  m_ObjectHideFlags: 0
  m_PrefabParentObject: {fileID: 224443970079075696, guid: a238e80981bb66647baa8020c3593de3,
    type: 2}
  m_PrefabInternal: {fileID: 1082326830}
  m_GameObject: {fileID: 448880112}
  m_LocalRotation: {x: -0, y: -0, z: -0, w: 1}
  m_LocalPosition: {x: 0, y: 0, z: 0}
  m_LocalScale: {x: 1, y: 1, z: 1}
  m_Children: []
  m_Father: {fileID: 2125227319}
  m_RootOrder: 6
  m_LocalEulerAnglesHint: {x: 0, y: 0, z: 0}
  m_AnchorMin: {x: 0, y: 0}
  m_AnchorMax: {x: 1, y: 1}
  m_AnchoredPosition: {x: -62.699997, y: -53.6}
  m_SizeDelta: {x: -143.30002, y: -128.9}
  m_Pivot: {x: 0.5, y: 0.5}
--- !u!114 &448880114
MonoBehaviour:
  m_ObjectHideFlags: 0
  m_PrefabParentObject: {fileID: 114851027137562816, guid: a238e80981bb66647baa8020c3593de3,
    type: 2}
  m_PrefabInternal: {fileID: 1082326830}
  m_GameObject: {fileID: 448880112}
  m_Enabled: 1
  m_EditorHideFlags: 0
  m_Script: {fileID: -765806418, guid: f70555f144d8491a825f0804e09c671c, type: 3}
  m_Name: 
  m_EditorClassIdentifier: 
  m_Material: {fileID: 0}
  m_Color: {r: 1, g: 1, b: 1, a: 0.392}
  m_RaycastTarget: 1
  m_OnCullStateChanged:
    m_PersistentCalls:
      m_Calls: []
    m_TypeName: UnityEngine.UI.MaskableGraphic+CullStateChangedEvent, UnityEngine.UI,
      Version=1.0.0.0, Culture=neutral, PublicKeyToken=null
  m_Sprite: {fileID: 10907, guid: 0000000000000000f000000000000000, type: 0}
  m_Type: 1
  m_PreserveAspect: 0
  m_FillCenter: 1
  m_FillMethod: 4
  m_FillAmount: 1
  m_FillClockwise: 1
  m_FillOrigin: 0
--- !u!222 &448880115
CanvasRenderer:
  m_ObjectHideFlags: 0
  m_PrefabParentObject: {fileID: 222618463893156094, guid: a238e80981bb66647baa8020c3593de3,
    type: 2}
  m_PrefabInternal: {fileID: 1082326830}
  m_GameObject: {fileID: 448880112}
--- !u!1 &495867511
GameObject:
  m_ObjectHideFlags: 0
  m_PrefabParentObject: {fileID: 1743391429252850, guid: a238e80981bb66647baa8020c3593de3,
    type: 2}
  m_PrefabInternal: {fileID: 1082326830}
  serializedVersion: 5
  m_Component:
  - component: {fileID: 495867512}
  - component: {fileID: 495867514}
  - component: {fileID: 495867513}
  m_Layer: 5
  m_Name: Text (3)
  m_TagString: Untagged
  m_Icon: {fileID: 0}
  m_NavMeshLayer: 0
  m_StaticEditorFlags: 0
  m_IsActive: 1
--- !u!224 &495867512
RectTransform:
  m_ObjectHideFlags: 0
  m_PrefabParentObject: {fileID: 224321765392409424, guid: a238e80981bb66647baa8020c3593de3,
    type: 2}
  m_PrefabInternal: {fileID: 1082326830}
  m_GameObject: {fileID: 495867511}
  m_LocalRotation: {x: -0, y: -0, z: -0, w: 1}
  m_LocalPosition: {x: 0, y: 0, z: 0}
  m_LocalScale: {x: 1, y: 1, z: 1}
  m_Children: []
  m_Father: {fileID: 1775915532}
  m_RootOrder: 3
  m_LocalEulerAnglesHint: {x: 0, y: 0, z: 0}
  m_AnchorMin: {x: 0.5, y: 0.5}
  m_AnchorMax: {x: 0.5, y: 0.5}
  m_AnchoredPosition: {x: 39.649994, y: 11.775}
  m_SizeDelta: {x: 80, y: 23.55}
  m_Pivot: {x: 0.5, y: 0.5}
--- !u!114 &495867513
MonoBehaviour:
  m_ObjectHideFlags: 0
  m_PrefabParentObject: {fileID: 114742843313319846, guid: a238e80981bb66647baa8020c3593de3,
    type: 2}
  m_PrefabInternal: {fileID: 1082326830}
  m_GameObject: {fileID: 495867511}
  m_Enabled: 1
  m_EditorHideFlags: 0
  m_Script: {fileID: 708705254, guid: f70555f144d8491a825f0804e09c671c, type: 3}
  m_Name: 
  m_EditorClassIdentifier: 
  m_Material: {fileID: 0}
  m_Color: {r: 0.19607843, g: 0.19607843, b: 0.19607843, a: 1}
  m_RaycastTarget: 1
  m_OnCullStateChanged:
    m_PersistentCalls:
      m_Calls: []
    m_TypeName: UnityEngine.UI.MaskableGraphic+CullStateChangedEvent, UnityEngine.UI,
      Version=1.0.0.0, Culture=neutral, PublicKeyToken=null
  m_FontData:
    m_Font: {fileID: 10102, guid: 0000000000000000e000000000000000, type: 0}
    m_FontSize: 14
    m_FontStyle: 0
    m_BestFit: 0
    m_MinSize: 10
    m_MaxSize: 40
    m_Alignment: 0
    m_AlignByGeometry: 0
    m_RichText: 1
    m_HorizontalOverflow: 0
    m_VerticalOverflow: 0
    m_LineSpacing: 1
  m_Text: New Text
--- !u!222 &495867514
CanvasRenderer:
  m_ObjectHideFlags: 0
  m_PrefabParentObject: {fileID: 222052214625105328, guid: a238e80981bb66647baa8020c3593de3,
    type: 2}
  m_PrefabInternal: {fileID: 1082326830}
  m_GameObject: {fileID: 495867511}
--- !u!1 &530438200
GameObject:
  m_ObjectHideFlags: 0
  m_PrefabParentObject: {fileID: 1771896244652328, guid: a238e80981bb66647baa8020c3593de3,
    type: 2}
  m_PrefabInternal: {fileID: 1082326830}
  serializedVersion: 5
  m_Component:
  - component: {fileID: 530438201}
  - component: {fileID: 530438203}
  - component: {fileID: 530438202}
  m_Layer: 5
  m_Name: Panel (3)
  m_TagString: Untagged
  m_Icon: {fileID: 0}
  m_NavMeshLayer: 0
  m_StaticEditorFlags: 0
  m_IsActive: 1
--- !u!224 &530438201
RectTransform:
  m_ObjectHideFlags: 0
  m_PrefabParentObject: {fileID: 224065867813812866, guid: a238e80981bb66647baa8020c3593de3,
    type: 2}
  m_PrefabInternal: {fileID: 1082326830}
  m_GameObject: {fileID: 530438200}
  m_LocalRotation: {x: -0, y: -0, z: -0, w: 1}
  m_LocalPosition: {x: 0, y: 0, z: 0}
  m_LocalScale: {x: 1, y: 1, z: 1}
  m_Children: []
  m_Father: {fileID: 2125227319}
  m_RootOrder: 3
  m_LocalEulerAnglesHint: {x: 0, y: 0, z: 0}
  m_AnchorMin: {x: 0, y: 0}
  m_AnchorMax: {x: 1, y: 1}
  m_AnchoredPosition: {x: 62.700012, y: -0.0000038147}
  m_SizeDelta: {x: -143.30002, y: -128.9}
  m_Pivot: {x: 0.5, y: 0.5}
--- !u!114 &530438202
MonoBehaviour:
  m_ObjectHideFlags: 0
  m_PrefabParentObject: {fileID: 114935614418956030, guid: a238e80981bb66647baa8020c3593de3,
    type: 2}
  m_PrefabInternal: {fileID: 1082326830}
  m_GameObject: {fileID: 530438200}
  m_Enabled: 1
  m_EditorHideFlags: 0
  m_Script: {fileID: -765806418, guid: f70555f144d8491a825f0804e09c671c, type: 3}
  m_Name: 
  m_EditorClassIdentifier: 
  m_Material: {fileID: 0}
  m_Color: {r: 1, g: 1, b: 1, a: 0.392}
  m_RaycastTarget: 1
  m_OnCullStateChanged:
    m_PersistentCalls:
      m_Calls: []
    m_TypeName: UnityEngine.UI.MaskableGraphic+CullStateChangedEvent, UnityEngine.UI,
      Version=1.0.0.0, Culture=neutral, PublicKeyToken=null
  m_Sprite: {fileID: 10907, guid: 0000000000000000f000000000000000, type: 0}
  m_Type: 1
  m_PreserveAspect: 0
  m_FillCenter: 1
  m_FillMethod: 4
  m_FillAmount: 1
  m_FillClockwise: 1
  m_FillOrigin: 0
--- !u!222 &530438203
CanvasRenderer:
  m_ObjectHideFlags: 0
  m_PrefabParentObject: {fileID: 222529618530408586, guid: a238e80981bb66647baa8020c3593de3,
    type: 2}
  m_PrefabInternal: {fileID: 1082326830}
  m_GameObject: {fileID: 530438200}
--- !u!1 &730802327
GameObject:
  m_ObjectHideFlags: 0
  m_PrefabParentObject: {fileID: 1932031772700460, guid: a238e80981bb66647baa8020c3593de3,
    type: 2}
  m_PrefabInternal: {fileID: 1082326830}
  serializedVersion: 5
  m_Component:
  - component: {fileID: 730802328}
  - component: {fileID: 730802330}
  - component: {fileID: 730802329}
  m_Layer: 5
  m_Name: Panel (4)
  m_TagString: Untagged
  m_Icon: {fileID: 0}
  m_NavMeshLayer: 0
  m_StaticEditorFlags: 0
  m_IsActive: 1
--- !u!224 &730802328
RectTransform:
  m_ObjectHideFlags: 0
  m_PrefabParentObject: {fileID: 224056657392947604, guid: a238e80981bb66647baa8020c3593de3,
    type: 2}
  m_PrefabInternal: {fileID: 1082326830}
  m_GameObject: {fileID: 730802327}
  m_LocalRotation: {x: -0, y: -0, z: -0, w: 1}
  m_LocalPosition: {x: 0, y: 0, z: 0}
  m_LocalScale: {x: 1, y: 1, z: 1}
  m_Children: []
  m_Father: {fileID: 2125227319}
  m_RootOrder: 4
  m_LocalEulerAnglesHint: {x: 0, y: 0, z: 0}
  m_AnchorMin: {x: 0, y: 0}
  m_AnchorMax: {x: 1, y: 1}
  m_AnchoredPosition: {x: -0.0000061721003, y: -0.0000076294}
  m_SizeDelta: {x: -143.30002, y: -128.9}
  m_Pivot: {x: 0.5, y: 0.5}
--- !u!114 &730802329
MonoBehaviour:
  m_ObjectHideFlags: 0
  m_PrefabParentObject: {fileID: 114761492170337938, guid: a238e80981bb66647baa8020c3593de3,
    type: 2}
  m_PrefabInternal: {fileID: 1082326830}
  m_GameObject: {fileID: 730802327}
  m_Enabled: 1
  m_EditorHideFlags: 0
  m_Script: {fileID: -765806418, guid: f70555f144d8491a825f0804e09c671c, type: 3}
  m_Name: 
  m_EditorClassIdentifier: 
  m_Material: {fileID: 0}
  m_Color: {r: 1, g: 1, b: 1, a: 0.392}
  m_RaycastTarget: 1
  m_OnCullStateChanged:
    m_PersistentCalls:
      m_Calls: []
    m_TypeName: UnityEngine.UI.MaskableGraphic+CullStateChangedEvent, UnityEngine.UI,
      Version=1.0.0.0, Culture=neutral, PublicKeyToken=null
  m_Sprite: {fileID: 10907, guid: 0000000000000000f000000000000000, type: 0}
  m_Type: 1
  m_PreserveAspect: 0
  m_FillCenter: 1
  m_FillMethod: 4
  m_FillAmount: 1
  m_FillClockwise: 1
  m_FillOrigin: 0
--- !u!222 &730802330
CanvasRenderer:
  m_ObjectHideFlags: 0
  m_PrefabParentObject: {fileID: 222837880414713024, guid: a238e80981bb66647baa8020c3593de3,
    type: 2}
  m_PrefabInternal: {fileID: 1082326830}
  m_GameObject: {fileID: 730802327}
--- !u!1 &737483891
GameObject:
  m_ObjectHideFlags: 0
  m_PrefabParentObject: {fileID: 1714557548705040, guid: a238e80981bb66647baa8020c3593de3,
    type: 2}
  m_PrefabInternal: {fileID: 1082326830}
  serializedVersion: 5
  m_Component:
  - component: {fileID: 737483892}
  - component: {fileID: 737483894}
  - component: {fileID: 737483893}
  m_Layer: 5
  m_Name: Text (1)
  m_TagString: Untagged
  m_Icon: {fileID: 0}
  m_NavMeshLayer: 0
  m_StaticEditorFlags: 0
  m_IsActive: 1
--- !u!224 &737483892
RectTransform:
  m_ObjectHideFlags: 0
  m_PrefabParentObject: {fileID: 224758746789444086, guid: a238e80981bb66647baa8020c3593de3,
    type: 2}
  m_PrefabInternal: {fileID: 1082326830}
  m_GameObject: {fileID: 737483891}
  m_LocalRotation: {x: -0, y: -0, z: -0, w: 1}
  m_LocalPosition: {x: 0, y: 0, z: 0}
  m_LocalScale: {x: 1, y: 1, z: 1}
  m_Children: []
  m_Father: {fileID: 1775915532}
  m_RootOrder: 1
  m_LocalEulerAnglesHint: {x: 0, y: 0, z: 0}
  m_AnchorMin: {x: 0.5, y: 0.5}
  m_AnchorMax: {x: 0.5, y: 0.5}
  m_AnchoredPosition: {x: -39.65, y: -11.775003}
  m_SizeDelta: {x: 80, y: 23.55}
  m_Pivot: {x: 0.5, y: 0.5}
--- !u!114 &737483893
MonoBehaviour:
  m_ObjectHideFlags: 0
  m_PrefabParentObject: {fileID: 114871689790078078, guid: a238e80981bb66647baa8020c3593de3,
    type: 2}
  m_PrefabInternal: {fileID: 1082326830}
  m_GameObject: {fileID: 737483891}
  m_Enabled: 1
  m_EditorHideFlags: 0
  m_Script: {fileID: 708705254, guid: f70555f144d8491a825f0804e09c671c, type: 3}
  m_Name: 
  m_EditorClassIdentifier: 
  m_Material: {fileID: 0}
  m_Color: {r: 0.19607843, g: 0.19607843, b: 0.19607843, a: 1}
  m_RaycastTarget: 1
  m_OnCullStateChanged:
    m_PersistentCalls:
      m_Calls: []
    m_TypeName: UnityEngine.UI.MaskableGraphic+CullStateChangedEvent, UnityEngine.UI,
      Version=1.0.0.0, Culture=neutral, PublicKeyToken=null
  m_FontData:
    m_Font: {fileID: 10102, guid: 0000000000000000e000000000000000, type: 0}
    m_FontSize: 14
    m_FontStyle: 0
    m_BestFit: 0
    m_MinSize: 10
    m_MaxSize: 40
    m_Alignment: 0
    m_AlignByGeometry: 0
    m_RichText: 1
    m_HorizontalOverflow: 0
    m_VerticalOverflow: 0
    m_LineSpacing: 1
  m_Text: New Text
--- !u!222 &737483894
CanvasRenderer:
  m_ObjectHideFlags: 0
  m_PrefabParentObject: {fileID: 222995216972021998, guid: a238e80981bb66647baa8020c3593de3,
    type: 2}
  m_PrefabInternal: {fileID: 1082326830}
  m_GameObject: {fileID: 737483891}
--- !u!1 &815593746
GameObject:
  m_ObjectHideFlags: 0
  m_PrefabParentObject: {fileID: 0}
  m_PrefabInternal: {fileID: 0}
  serializedVersion: 5
  m_Component:
  - component: {fileID: 815593748}
  - component: {fileID: 815593747}
  - component: {fileID: 815593749}
  - component: {fileID: 815593750}
  m_Layer: 0
  m_Name: gamemanager
  m_TagString: Untagged
  m_Icon: {fileID: 0}
  m_NavMeshLayer: 0
  m_StaticEditorFlags: 0
  m_IsActive: 1
--- !u!114 &815593747
MonoBehaviour:
  m_ObjectHideFlags: 0
  m_PrefabParentObject: {fileID: 0}
  m_PrefabInternal: {fileID: 0}
  m_GameObject: {fileID: 815593746}
  m_Enabled: 1
  m_EditorHideFlags: 0
  m_Script: {fileID: 11500000, guid: a6b56b6fb6153d64cb479494bdcd0a87, type: 3}
  m_Name: 
  m_EditorClassIdentifier: 
--- !u!4 &815593748
Transform:
  m_ObjectHideFlags: 0
  m_PrefabParentObject: {fileID: 0}
  m_PrefabInternal: {fileID: 0}
  m_GameObject: {fileID: 815593746}
  m_LocalRotation: {x: 0, y: 0, z: 0, w: 1}
  m_LocalPosition: {x: 68.163704, y: 107.38952, z: 0}
  m_LocalScale: {x: 1, y: 1, z: 1}
  m_Children: []
  m_Father: {fileID: 0}
  m_RootOrder: 2
  m_LocalEulerAnglesHint: {x: 0, y: 0, z: 0}
--- !u!114 &815593749
MonoBehaviour:
  m_ObjectHideFlags: 0
  m_PrefabParentObject: {fileID: 0}
  m_PrefabInternal: {fileID: 0}
  m_GameObject: {fileID: 815593746}
  m_Enabled: 1
  m_EditorHideFlags: 0
  m_Script: {fileID: 11500000, guid: d06466c03d263624786afa88b52928b6, type: 3}
  m_Name: 
  m_EditorClassIdentifier: 
  statsWindowOn: 1
  statsOn: 1
  healthStatsVisible: 0
  trafficStatsOn: 0
  buttonsOn: 0
  statsRect:
    serializedVersion: 2
    x: 0
    y: 100
    width: 200
    height: 50
  WindowId: 100
--- !u!114 &815593750
MonoBehaviour:
  m_ObjectHideFlags: 0
  m_PrefabParentObject: {fileID: 0}
  m_PrefabInternal: {fileID: 0}
  m_GameObject: {fileID: 815593746}
  m_Enabled: 1
  m_EditorHideFlags: 0
  m_Script: {fileID: 11500000, guid: aa584fbee541324448dd18d8409c7a41, type: 3}
  m_Name: 
  m_EditorClassIdentifier: 
  ownerId: 0
  group: 0
  OwnerShipWasTransfered: 0
  prefixBackup: -1
  synchronization: 3
  onSerializeTransformOption: 3
  onSerializeRigidBodyOption: 2
  ownershipTransfer: 0
  ObservedComponents:
  - {fileID: 815593749}
  - {fileID: 815593747}
  ObservedComponentsFoldoutOpen: 1
  viewIdField: 2
  instantiationId: 2
  currentMasterID: -1
  isRuntimeInstantiated: 0
--- !u!1 &899923423
GameObject:
  m_ObjectHideFlags: 0
  m_PrefabParentObject: {fileID: 1009365225724968, guid: a238e80981bb66647baa8020c3593de3,
    type: 2}
  m_PrefabInternal: {fileID: 1082326830}
  serializedVersion: 5
  m_Component:
  - component: {fileID: 899923424}
  - component: {fileID: 899923426}
  - component: {fileID: 899923425}
  m_Layer: 5
  m_Name: Panel (8)
  m_TagString: Untagged
  m_Icon: {fileID: 0}
  m_NavMeshLayer: 0
  m_StaticEditorFlags: 0
  m_IsActive: 1
--- !u!224 &899923424
RectTransform:
  m_ObjectHideFlags: 0
  m_PrefabParentObject: {fileID: 224318959140179704, guid: a238e80981bb66647baa8020c3593de3,
    type: 2}
  m_PrefabInternal: {fileID: 1082326830}
  m_GameObject: {fileID: 899923423}
  m_LocalRotation: {x: -0, y: -0, z: -0, w: 1}
  m_LocalPosition: {x: 0, y: 0, z: 0}
  m_LocalScale: {x: 1, y: 1, z: 1}
  m_Children: []
  m_Father: {fileID: 2125227319}
  m_RootOrder: 8
  m_LocalEulerAnglesHint: {x: 0, y: 0, z: 0}
  m_AnchorMin: {x: 0, y: 0}
  m_AnchorMax: {x: 1, y: 1}
  m_AnchoredPosition: {x: 62.699974, y: -53.6}
  m_SizeDelta: {x: -143.30002, y: -128.9}
  m_Pivot: {x: 0.5, y: 0.5}
--- !u!114 &899923425
MonoBehaviour:
  m_ObjectHideFlags: 0
  m_PrefabParentObject: {fileID: 114048954585509568, guid: a238e80981bb66647baa8020c3593de3,
    type: 2}
  m_PrefabInternal: {fileID: 1082326830}
  m_GameObject: {fileID: 899923423}
  m_Enabled: 1
  m_EditorHideFlags: 0
  m_Script: {fileID: -765806418, guid: f70555f144d8491a825f0804e09c671c, type: 3}
  m_Name: 
  m_EditorClassIdentifier: 
  m_Material: {fileID: 0}
  m_Color: {r: 1, g: 1, b: 1, a: 0.392}
  m_RaycastTarget: 1
  m_OnCullStateChanged:
    m_PersistentCalls:
      m_Calls: []
    m_TypeName: UnityEngine.UI.MaskableGraphic+CullStateChangedEvent, UnityEngine.UI,
      Version=1.0.0.0, Culture=neutral, PublicKeyToken=null
  m_Sprite: {fileID: 10907, guid: 0000000000000000f000000000000000, type: 0}
  m_Type: 1
  m_PreserveAspect: 0
  m_FillCenter: 1
  m_FillMethod: 4
  m_FillAmount: 1
  m_FillClockwise: 1
  m_FillOrigin: 0
--- !u!222 &899923426
CanvasRenderer:
  m_ObjectHideFlags: 0
  m_PrefabParentObject: {fileID: 222577057728865062, guid: a238e80981bb66647baa8020c3593de3,
    type: 2}
  m_PrefabInternal: {fileID: 1082326830}
  m_GameObject: {fileID: 899923423}
--- !u!1001 &1082326830
Prefab:
  m_ObjectHideFlags: 0
  serializedVersion: 2
  m_Modification:
    m_TransformParent: {fileID: 0}
    m_Modifications:
    - target: {fileID: 224826507273308768, guid: a238e80981bb66647baa8020c3593de3,
        type: 2}
      propertyPath: m_LocalPosition.x
      value: 0
      objectReference: {fileID: 0}
    - target: {fileID: 224826507273308768, guid: a238e80981bb66647baa8020c3593de3,
        type: 2}
      propertyPath: m_LocalPosition.y
      value: 0
      objectReference: {fileID: 0}
    - target: {fileID: 224826507273308768, guid: a238e80981bb66647baa8020c3593de3,
        type: 2}
      propertyPath: m_LocalPosition.z
      value: 0
      objectReference: {fileID: 0}
    - target: {fileID: 224826507273308768, guid: a238e80981bb66647baa8020c3593de3,
        type: 2}
      propertyPath: m_LocalRotation.x
      value: 0
      objectReference: {fileID: 0}
    - target: {fileID: 224826507273308768, guid: a238e80981bb66647baa8020c3593de3,
        type: 2}
      propertyPath: m_LocalRotation.y
      value: 0
      objectReference: {fileID: 0}
    - target: {fileID: 224826507273308768, guid: a238e80981bb66647baa8020c3593de3,
        type: 2}
      propertyPath: m_LocalRotation.z
      value: 0
      objectReference: {fileID: 0}
    - target: {fileID: 224826507273308768, guid: a238e80981bb66647baa8020c3593de3,
        type: 2}
      propertyPath: m_LocalRotation.w
      value: 1
      objectReference: {fileID: 0}
    - target: {fileID: 224826507273308768, guid: a238e80981bb66647baa8020c3593de3,
        type: 2}
      propertyPath: m_RootOrder
      value: 4
      objectReference: {fileID: 0}
    - target: {fileID: 224826507273308768, guid: a238e80981bb66647baa8020c3593de3,
        type: 2}
      propertyPath: m_AnchoredPosition.x
      value: 0
      objectReference: {fileID: 0}
    - target: {fileID: 224826507273308768, guid: a238e80981bb66647baa8020c3593de3,
        type: 2}
      propertyPath: m_AnchoredPosition.y
      value: 0
      objectReference: {fileID: 0}
    - target: {fileID: 224826507273308768, guid: a238e80981bb66647baa8020c3593de3,
        type: 2}
      propertyPath: m_SizeDelta.x
      value: 0
      objectReference: {fileID: 0}
    - target: {fileID: 224826507273308768, guid: a238e80981bb66647baa8020c3593de3,
        type: 2}
      propertyPath: m_SizeDelta.y
      value: 0
      objectReference: {fileID: 0}
    - target: {fileID: 224826507273308768, guid: a238e80981bb66647baa8020c3593de3,
        type: 2}
      propertyPath: m_AnchorMin.x
      value: 0
      objectReference: {fileID: 0}
    - target: {fileID: 224826507273308768, guid: a238e80981bb66647baa8020c3593de3,
        type: 2}
      propertyPath: m_AnchorMin.y
      value: 0
      objectReference: {fileID: 0}
    - target: {fileID: 224826507273308768, guid: a238e80981bb66647baa8020c3593de3,
        type: 2}
      propertyPath: m_AnchorMax.x
      value: 0
      objectReference: {fileID: 0}
    - target: {fileID: 224826507273308768, guid: a238e80981bb66647baa8020c3593de3,
        type: 2}
      propertyPath: m_AnchorMax.y
      value: 0
      objectReference: {fileID: 0}
    - target: {fileID: 224826507273308768, guid: a238e80981bb66647baa8020c3593de3,
        type: 2}
      propertyPath: m_Pivot.x
      value: 0
      objectReference: {fileID: 0}
    - target: {fileID: 224826507273308768, guid: a238e80981bb66647baa8020c3593de3,
        type: 2}
      propertyPath: m_Pivot.y
      value: 0
      objectReference: {fileID: 0}
    - target: {fileID: 224735659347805008, guid: a238e80981bb66647baa8020c3593de3,
        type: 2}
      propertyPath: m_AnchoredPosition.x
      value: -329.9
      objectReference: {fileID: 0}
    - target: {fileID: 224670634084281946, guid: a238e80981bb66647baa8020c3593de3,
        type: 2}
      propertyPath: m_AnchoredPosition.x
      value: -262.1
      objectReference: {fileID: 0}
    m_RemovedComponents: []
  m_ParentPrefab: {fileID: 100100000, guid: a238e80981bb66647baa8020c3593de3, type: 2}
  m_RootGameObject: {fileID: 1515829905}
  m_IsPrefabParent: 0
--- !u!1 &1160334303
GameObject:
  m_ObjectHideFlags: 0
  m_PrefabParentObject: {fileID: 1203011531942730, guid: a238e80981bb66647baa8020c3593de3,
    type: 2}
  m_PrefabInternal: {fileID: 1082326830}
  serializedVersion: 5
  m_Component:
  - component: {fileID: 1160334304}
  - component: {fileID: 1160334306}
  - component: {fileID: 1160334305}
  m_Layer: 0
  m_Name: EventSystem
  m_TagString: Untagged
  m_Icon: {fileID: 0}
  m_NavMeshLayer: 0
  m_StaticEditorFlags: 0
  m_IsActive: 1
--- !u!4 &1160334304
Transform:
  m_ObjectHideFlags: 0
  m_PrefabParentObject: {fileID: 4898042278619960, guid: a238e80981bb66647baa8020c3593de3,
    type: 2}
  m_PrefabInternal: {fileID: 1082326830}
  m_GameObject: {fileID: 1160334303}
  m_LocalRotation: {x: -0, y: -0, z: -0, w: 1}
  m_LocalPosition: {x: -400.00003, y: -249.88766, z: 0}
  m_LocalScale: {x: 0.8988765, y: 0.8988765, z: 0.8988765}
  m_Children: []
  m_Father: {fileID: 1515829909}
  m_RootOrder: 1
  m_LocalEulerAnglesHint: {x: 0, y: 0, z: 0}
--- !u!114 &1160334305
MonoBehaviour:
  m_ObjectHideFlags: 0
  m_PrefabParentObject: {fileID: 114113812230962994, guid: a238e80981bb66647baa8020c3593de3,
    type: 2}
  m_PrefabInternal: {fileID: 1082326830}
  m_GameObject: {fileID: 1160334303}
  m_Enabled: 1
  m_EditorHideFlags: 0
  m_Script: {fileID: 1077351063, guid: f70555f144d8491a825f0804e09c671c, type: 3}
  m_Name: 
  m_EditorClassIdentifier: 
  m_HorizontalAxis: Horizontal
  m_VerticalAxis: Vertical
  m_SubmitButton: Submit
  m_CancelButton: Cancel
  m_InputActionsPerSecond: 10
  m_RepeatDelay: 0.5
  m_ForceModuleActive: 0
--- !u!114 &1160334306
MonoBehaviour:
  m_ObjectHideFlags: 0
  m_PrefabParentObject: {fileID: 114527761084182056, guid: a238e80981bb66647baa8020c3593de3,
    type: 2}
  m_PrefabInternal: {fileID: 1082326830}
  m_GameObject: {fileID: 1160334303}
  m_Enabled: 1
  m_EditorHideFlags: 0
  m_Script: {fileID: -619905303, guid: f70555f144d8491a825f0804e09c671c, type: 3}
  m_Name: 
  m_EditorClassIdentifier: 
  m_FirstSelected: {fileID: 0}
  m_sendNavigationEvents: 1
  m_DragThreshold: 5
--- !u!1 &1165896477
GameObject:
  m_ObjectHideFlags: 0
  m_PrefabParentObject: {fileID: 1648964919042690, guid: a238e80981bb66647baa8020c3593de3,
    type: 2}
  m_PrefabInternal: {fileID: 1082326830}
  serializedVersion: 5
  m_Component:
  - component: {fileID: 1165896478}
  - component: {fileID: 1165896480}
  - component: {fileID: 1165896479}
  m_Layer: 5
  m_Name: Panel (7)
  m_TagString: Untagged
  m_Icon: {fileID: 0}
  m_NavMeshLayer: 0
  m_StaticEditorFlags: 0
  m_IsActive: 1
--- !u!224 &1165896478
RectTransform:
  m_ObjectHideFlags: 0
  m_PrefabParentObject: {fileID: 224487533104094536, guid: a238e80981bb66647baa8020c3593de3,
    type: 2}
  m_PrefabInternal: {fileID: 1082326830}
  m_GameObject: {fileID: 1165896477}
  m_LocalRotation: {x: -0, y: -0, z: -0, w: 1}
  m_LocalPosition: {x: 0, y: 0, z: 0}
  m_LocalScale: {x: 1, y: 1, z: 1}
  m_Children: []
  m_Father: {fileID: 2125227319}
  m_RootOrder: 7
  m_LocalEulerAnglesHint: {x: 0, y: 0, z: 0}
  m_AnchorMin: {x: 0, y: 0}
  m_AnchorMax: {x: 1, y: 1}
  m_AnchoredPosition: {x: 0.000019072999, y: -53.6}
  m_SizeDelta: {x: -143.30002, y: -128.9}
  m_Pivot: {x: 0.5, y: 0.5}
--- !u!114 &1165896479
MonoBehaviour:
  m_ObjectHideFlags: 0
  m_PrefabParentObject: {fileID: 114665509062901212, guid: a238e80981bb66647baa8020c3593de3,
    type: 2}
  m_PrefabInternal: {fileID: 1082326830}
  m_GameObject: {fileID: 1165896477}
  m_Enabled: 1
  m_EditorHideFlags: 0
  m_Script: {fileID: -765806418, guid: f70555f144d8491a825f0804e09c671c, type: 3}
  m_Name: 
  m_EditorClassIdentifier: 
  m_Material: {fileID: 0}
  m_Color: {r: 1, g: 1, b: 1, a: 0.392}
  m_RaycastTarget: 1
  m_OnCullStateChanged:
    m_PersistentCalls:
      m_Calls: []
    m_TypeName: UnityEngine.UI.MaskableGraphic+CullStateChangedEvent, UnityEngine.UI,
      Version=1.0.0.0, Culture=neutral, PublicKeyToken=null
  m_Sprite: {fileID: 10907, guid: 0000000000000000f000000000000000, type: 0}
  m_Type: 1
  m_PreserveAspect: 0
  m_FillCenter: 1
  m_FillMethod: 4
  m_FillAmount: 1
  m_FillClockwise: 1
  m_FillOrigin: 0
--- !u!222 &1165896480
CanvasRenderer:
  m_ObjectHideFlags: 0
  m_PrefabParentObject: {fileID: 222976435324923754, guid: a238e80981bb66647baa8020c3593de3,
    type: 2}
  m_PrefabInternal: {fileID: 1082326830}
  m_GameObject: {fileID: 1165896477}
--- !u!1 &1276276300
GameObject:
  m_ObjectHideFlags: 0
  m_PrefabParentObject: {fileID: 1264522978014890, guid: a238e80981bb66647baa8020c3593de3,
    type: 2}
  m_PrefabInternal: {fileID: 1082326830}
  serializedVersion: 5
  m_Component:
  - component: {fileID: 1276276301}
  - component: {fileID: 1276276303}
  - component: {fileID: 1276276302}
  m_Layer: 5
  m_Name: Panel (11)
  m_TagString: Untagged
  m_Icon: {fileID: 0}
  m_NavMeshLayer: 0
  m_StaticEditorFlags: 0
  m_IsActive: 1
--- !u!224 &1276276301
RectTransform:
  m_ObjectHideFlags: 0
  m_PrefabParentObject: {fileID: 224670634084281946, guid: a238e80981bb66647baa8020c3593de3,
    type: 2}
  m_PrefabInternal: {fileID: 1082326830}
  m_GameObject: {fileID: 1276276300}
  m_LocalRotation: {x: -0, y: -0, z: -0, w: 1}
  m_LocalPosition: {x: 0, y: 0, z: 0}
  m_LocalScale: {x: 1, y: 1, z: 1}
  m_Children: []
  m_Father: {fileID: 2125227319}
  m_RootOrder: 10
  m_LocalEulerAnglesHint: {x: 0, y: 0, z: 0}
  m_AnchorMin: {x: 0, y: 0}
  m_AnchorMax: {x: 1, y: 1}
  m_AnchoredPosition: {x: -262.1, y: -53.55}
  m_SizeDelta: {x: -143.30002, y: -129}
  m_Pivot: {x: 0.49999994, y: 0.49999976}
--- !u!114 &1276276302
MonoBehaviour:
  m_ObjectHideFlags: 0
  m_PrefabParentObject: {fileID: 114891842090141170, guid: a238e80981bb66647baa8020c3593de3,
    type: 2}
  m_PrefabInternal: {fileID: 1082326830}
  m_GameObject: {fileID: 1276276300}
  m_Enabled: 1
  m_EditorHideFlags: 0
  m_Script: {fileID: -765806418, guid: f70555f144d8491a825f0804e09c671c, type: 3}
  m_Name: 
  m_EditorClassIdentifier: 
  m_Material: {fileID: 0}
  m_Color: {r: 1, g: 1, b: 1, a: 0.392}
  m_RaycastTarget: 1
  m_OnCullStateChanged:
    m_PersistentCalls:
      m_Calls: []
    m_TypeName: UnityEngine.UI.MaskableGraphic+CullStateChangedEvent, UnityEngine.UI,
      Version=1.0.0.0, Culture=neutral, PublicKeyToken=null
  m_Sprite: {fileID: 10907, guid: 0000000000000000f000000000000000, type: 0}
  m_Type: 1
  m_PreserveAspect: 0
  m_FillCenter: 1
  m_FillMethod: 4
  m_FillAmount: 1
  m_FillClockwise: 1
  m_FillOrigin: 0
--- !u!222 &1276276303
CanvasRenderer:
  m_ObjectHideFlags: 0
  m_PrefabParentObject: {fileID: 222066691658616044, guid: a238e80981bb66647baa8020c3593de3,
    type: 2}
  m_PrefabInternal: {fileID: 1082326830}
  m_GameObject: {fileID: 1276276300}
--- !u!1 &1325921627
GameObject:
  m_ObjectHideFlags: 0
  m_PrefabParentObject: {fileID: 1994483671533944, guid: a238e80981bb66647baa8020c3593de3,
    type: 2}
  m_PrefabInternal: {fileID: 1082326830}
  serializedVersion: 5
  m_Component:
  - component: {fileID: 1325921628}
  - component: {fileID: 1325921630}
  - component: {fileID: 1325921629}
  m_Layer: 5
  m_Name: Panel (12)
  m_TagString: Untagged
  m_Icon: {fileID: 0}
  m_NavMeshLayer: 0
  m_StaticEditorFlags: 0
  m_IsActive: 1
--- !u!224 &1325921628
RectTransform:
  m_ObjectHideFlags: 0
  m_PrefabParentObject: {fileID: 224735659347805008, guid: a238e80981bb66647baa8020c3593de3,
    type: 2}
  m_PrefabInternal: {fileID: 1082326830}
  m_GameObject: {fileID: 1325921627}
  m_LocalRotation: {x: -0, y: -0, z: -0, w: 1}
  m_LocalPosition: {x: 0, y: 0, z: 0}
  m_LocalScale: {x: 1, y: 1, z: 1}
  m_Children: []
  m_Father: {fileID: 2125227319}
  m_RootOrder: 11
  m_LocalEulerAnglesHint: {x: 0, y: 0, z: 0}
  m_AnchorMin: {x: 0, y: 0}
  m_AnchorMax: {x: 1, y: 1}
  m_AnchoredPosition: {x: -329.9, y: -53.55}
  m_SizeDelta: {x: -143.30002, y: -129}
  m_Pivot: {x: 0.49999994, y: 0.49999976}
--- !u!114 &1325921629
MonoBehaviour:
  m_ObjectHideFlags: 0
  m_PrefabParentObject: {fileID: 114711856178758810, guid: a238e80981bb66647baa8020c3593de3,
    type: 2}
  m_PrefabInternal: {fileID: 1082326830}
  m_GameObject: {fileID: 1325921627}
  m_Enabled: 1
  m_EditorHideFlags: 0
  m_Script: {fileID: -765806418, guid: f70555f144d8491a825f0804e09c671c, type: 3}
  m_Name: 
  m_EditorClassIdentifier: 
  m_Material: {fileID: 0}
  m_Color: {r: 1, g: 1, b: 1, a: 0.392}
  m_RaycastTarget: 1
  m_OnCullStateChanged:
    m_PersistentCalls:
      m_Calls: []
    m_TypeName: UnityEngine.UI.MaskableGraphic+CullStateChangedEvent, UnityEngine.UI,
      Version=1.0.0.0, Culture=neutral, PublicKeyToken=null
  m_Sprite: {fileID: 10907, guid: 0000000000000000f000000000000000, type: 0}
  m_Type: 1
  m_PreserveAspect: 0
  m_FillCenter: 1
  m_FillMethod: 4
  m_FillAmount: 1
  m_FillClockwise: 1
  m_FillOrigin: 0
--- !u!222 &1325921630
CanvasRenderer:
  m_ObjectHideFlags: 0
  m_PrefabParentObject: {fileID: 222102305353534106, guid: a238e80981bb66647baa8020c3593de3,
    type: 2}
  m_PrefabInternal: {fileID: 1082326830}
  m_GameObject: {fileID: 1325921627}
--- !u!1 &1355199225
GameObject:
  m_ObjectHideFlags: 0
  m_PrefabParentObject: {fileID: 1108432136794938, guid: 83fdb820a9571ab44afcbff65722bd9c,
    type: 2}
  m_PrefabInternal: {fileID: 1845620920}
  serializedVersion: 5
  m_Component:
  - component: {fileID: 1355199226}
  - component: {fileID: 1355199228}
  - component: {fileID: 1355199227}
  m_Layer: 0
  m_Name: left
  m_TagString: sword
  m_Icon: {fileID: 0}
  m_NavMeshLayer: 0
  m_StaticEditorFlags: 0
  m_IsActive: 1
--- !u!4 &1355199226
Transform:
  m_ObjectHideFlags: 0
  m_PrefabParentObject: {fileID: 4408509579008466, guid: 83fdb820a9571ab44afcbff65722bd9c,
    type: 2}
  m_PrefabInternal: {fileID: 1845620920}
  m_GameObject: {fileID: 1355199225}
  m_LocalRotation: {x: -0, y: -0, z: -0, w: 1}
  m_LocalPosition: {x: -0.687, y: 0.03125, z: 0}
  m_LocalScale: {x: 0.38470843, y: 0.38470843, z: 0.33798522}
  m_Children: []
  m_Father: {fileID: 1994027437}
  m_RootOrder: 2
  m_LocalEulerAnglesHint: {x: 0, y: 0, z: 0}
--- !u!61 &1355199227
BoxCollider2D:
  m_ObjectHideFlags: 0
  m_PrefabParentObject: {fileID: 61364349451299162, guid: 83fdb820a9571ab44afcbff65722bd9c,
    type: 2}
  m_PrefabInternal: {fileID: 1845620920}
  m_GameObject: {fileID: 1355199225}
  m_Enabled: 1
  m_Density: 1
  m_Material: {fileID: 0}
  m_IsTrigger: 1
  m_UsedByEffector: 0
  m_UsedByComposite: 0
  m_Offset: {x: 0, y: 0}
  m_SpriteTilingProperty:
    border: {x: 0, y: 0, z: 0, w: 0}
    pivot: {x: 0.5, y: 0.5}
    oldSize: {x: 1, y: 1}
    newSize: {x: 1, y: 1}
    adaptiveTilingThreshold: 0.5
    drawMode: 0
    adaptiveTiling: 0
  m_AutoTiling: 0
  serializedVersion: 2
  m_Size: {x: 1, y: 1}
  m_EdgeRadius: 0
--- !u!212 &1355199228
SpriteRenderer:
  m_ObjectHideFlags: 0
  m_PrefabParentObject: {fileID: 212603608601038102, guid: 83fdb820a9571ab44afcbff65722bd9c,
    type: 2}
  m_PrefabInternal: {fileID: 1845620920}
  m_GameObject: {fileID: 1355199225}
  m_Enabled: 1
  m_CastShadows: 0
  m_ReceiveShadows: 0
  m_MotionVectors: 1
  m_LightProbeUsage: 1
  m_ReflectionProbeUsage: 1
  m_Materials:
  - {fileID: 10754, guid: 0000000000000000f000000000000000, type: 0}
  m_StaticBatchInfo:
    firstSubMesh: 0
    subMeshCount: 0
  m_StaticBatchRoot: {fileID: 0}
  m_ProbeAnchor: {fileID: 0}
  m_LightProbeVolumeOverride: {fileID: 0}
  m_ScaleInLightmap: 1
  m_PreserveUVs: 0
  m_IgnoreNormalsForChartDetection: 0
  m_ImportantGI: 0
  m_SelectedEditorRenderState: 0
  m_MinimumChartSize: 4
  m_AutoUVMaxDistance: 0.5
  m_AutoUVMaxAngle: 89
  m_LightmapParameters: {fileID: 0}
  m_SortingLayerID: 0
  m_SortingLayer: 0
  m_SortingOrder: 0
  m_Sprite: {fileID: 21300000, guid: 9ccb86696d0b4834a8f6f44712558e72, type: 3}
  m_Color: {r: 1, g: 1, b: 1, a: 1}
  m_FlipX: 0
  m_FlipY: 0
  m_DrawMode: 0
  m_Size: {x: 1, y: 1}
  m_AdaptiveModeThreshold: 0.5
  m_SpriteTileMode: 0
  m_WasSpriteAssigned: 1
--- !u!1 &1515829905
GameObject:
  m_ObjectHideFlags: 0
  m_PrefabParentObject: {fileID: 1511602845642896, guid: a238e80981bb66647baa8020c3593de3,
    type: 2}
  m_PrefabInternal: {fileID: 1082326830}
  serializedVersion: 5
  m_Component:
  - component: {fileID: 1515829909}
  - component: {fileID: 1515829908}
  - component: {fileID: 1515829907}
  - component: {fileID: 1515829906}
  m_Layer: 5
  m_Name: toolbarcanvas
  m_TagString: Untagged
  m_Icon: {fileID: 0}
  m_NavMeshLayer: 0
  m_StaticEditorFlags: 0
  m_IsActive: 1
--- !u!114 &1515829906
MonoBehaviour:
  m_ObjectHideFlags: 0
  m_PrefabParentObject: {fileID: 114710989698199590, guid: a238e80981bb66647baa8020c3593de3,
    type: 2}
  m_PrefabInternal: {fileID: 1082326830}
  m_GameObject: {fileID: 1515829905}
  m_Enabled: 1
  m_EditorHideFlags: 0
  m_Script: {fileID: 1301386320, guid: f70555f144d8491a825f0804e09c671c, type: 3}
  m_Name: 
  m_EditorClassIdentifier: 
  m_IgnoreReversedGraphics: 1
  m_BlockingObjects: 0
  m_BlockingMask:
    serializedVersion: 2
    m_Bits: 4294967295
--- !u!114 &1515829907
MonoBehaviour:
  m_ObjectHideFlags: 0
  m_PrefabParentObject: {fileID: 114859950773045502, guid: a238e80981bb66647baa8020c3593de3,
    type: 2}
  m_PrefabInternal: {fileID: 1082326830}
  m_GameObject: {fileID: 1515829905}
  m_Enabled: 1
  m_EditorHideFlags: 0
  m_Script: {fileID: 1980459831, guid: f70555f144d8491a825f0804e09c671c, type: 3}
  m_Name: 
  m_EditorClassIdentifier: 
  m_UiScaleMode: 1
  m_ReferencePixelsPerUnit: 100
  m_ScaleFactor: 1
  m_ReferenceResolution: {x: 800, y: 600}
  m_ScreenMatchMode: 0
  m_MatchWidthOrHeight: 0
  m_PhysicalUnit: 3
  m_FallbackScreenDPI: 96
  m_DefaultSpriteDPI: 96
  m_DynamicPixelsPerUnit: 1
--- !u!223 &1515829908
Canvas:
  m_ObjectHideFlags: 0
  m_PrefabParentObject: {fileID: 223448030084030100, guid: a238e80981bb66647baa8020c3593de3,
    type: 2}
  m_PrefabInternal: {fileID: 1082326830}
  m_GameObject: {fileID: 1515829905}
  m_Enabled: 1
  serializedVersion: 3
  m_RenderMode: 0
  m_Camera: {fileID: 0}
  m_PlaneDistance: 100
  m_PixelPerfect: 0
  m_ReceivesEvents: 1
  m_OverrideSorting: 0
  m_OverridePixelPerfect: 0
  m_SortingBucketNormalizedSize: 0
  m_AdditionalShaderChannelsFlag: 0
  m_SortingLayerID: 0
  m_SortingOrder: 0
  m_TargetDisplay: 0
--- !u!224 &1515829909
RectTransform:
  m_ObjectHideFlags: 0
  m_PrefabParentObject: {fileID: 224826507273308768, guid: a238e80981bb66647baa8020c3593de3,
    type: 2}
  m_PrefabInternal: {fileID: 1082326830}
  m_GameObject: {fileID: 1515829905}
  m_LocalRotation: {x: 0, y: 0, z: 0, w: 1}
  m_LocalPosition: {x: 0, y: 0, z: 0}
  m_LocalScale: {x: 0, y: 0, z: 0}
  m_Children:
  - {fileID: 1750992398}
  - {fileID: 1160334304}
  m_Father: {fileID: 0}
  m_RootOrder: 4
  m_LocalEulerAnglesHint: {x: 0, y: 0, z: 0}
  m_AnchorMin: {x: 0, y: 0}
  m_AnchorMax: {x: 0, y: 0}
  m_AnchoredPosition: {x: 0, y: 0}
  m_SizeDelta: {x: 0, y: 0}
  m_Pivot: {x: 0, y: 0}
--- !u!1 &1570267218
GameObject:
  m_ObjectHideFlags: 0
  m_PrefabParentObject: {fileID: 1999641658542230, guid: a238e80981bb66647baa8020c3593de3,
    type: 2}
  m_PrefabInternal: {fileID: 1082326830}
  serializedVersion: 5
  m_Component:
  - component: {fileID: 1570267219}
  - component: {fileID: 1570267221}
  - component: {fileID: 1570267220}
  m_Layer: 5
  m_Name: Panel (1)
  m_TagString: Untagged
  m_Icon: {fileID: 0}
  m_NavMeshLayer: 0
  m_StaticEditorFlags: 0
  m_IsActive: 1
--- !u!224 &1570267219
RectTransform:
  m_ObjectHideFlags: 0
  m_PrefabParentObject: {fileID: 224114571733595850, guid: a238e80981bb66647baa8020c3593de3,
    type: 2}
  m_PrefabInternal: {fileID: 1082326830}
  m_GameObject: {fileID: 1570267218}
  m_LocalRotation: {x: -0, y: -0, z: -0, w: 1}
  m_LocalPosition: {x: 0, y: 0, z: 0}
  m_LocalScale: {x: 1, y: 1, z: 1}
  m_Children: []
  m_Father: {fileID: 2125227319}
  m_RootOrder: 1
  m_LocalEulerAnglesHint: {x: 0, y: 0, z: 0}
  m_AnchorMin: {x: 0, y: 0}
  m_AnchorMax: {x: 1, y: 1}
  m_AnchoredPosition: {x: 0.000019072999, y: 56}
  m_SizeDelta: {x: -143.30002, y: -128.9}
  m_Pivot: {x: 0.5, y: 0.5}
--- !u!114 &1570267220
MonoBehaviour:
  m_ObjectHideFlags: 0
  m_PrefabParentObject: {fileID: 114797692143958010, guid: a238e80981bb66647baa8020c3593de3,
    type: 2}
  m_PrefabInternal: {fileID: 1082326830}
  m_GameObject: {fileID: 1570267218}
  m_Enabled: 1
  m_EditorHideFlags: 0
  m_Script: {fileID: -765806418, guid: f70555f144d8491a825f0804e09c671c, type: 3}
  m_Name: 
  m_EditorClassIdentifier: 
  m_Material: {fileID: 0}
  m_Color: {r: 1, g: 1, b: 1, a: 0.392}
  m_RaycastTarget: 1
  m_OnCullStateChanged:
    m_PersistentCalls:
      m_Calls: []
    m_TypeName: UnityEngine.UI.MaskableGraphic+CullStateChangedEvent, UnityEngine.UI,
      Version=1.0.0.0, Culture=neutral, PublicKeyToken=null
  m_Sprite: {fileID: 10907, guid: 0000000000000000f000000000000000, type: 0}
  m_Type: 1
  m_PreserveAspect: 0
  m_FillCenter: 1
  m_FillMethod: 4
  m_FillAmount: 1
  m_FillClockwise: 1
  m_FillOrigin: 0
--- !u!222 &1570267221
CanvasRenderer:
  m_ObjectHideFlags: 0
  m_PrefabParentObject: {fileID: 222017311960908286, guid: a238e80981bb66647baa8020c3593de3,
    type: 2}
  m_PrefabInternal: {fileID: 1082326830}
  m_GameObject: {fileID: 1570267218}
--- !u!1 &1750992397
GameObject:
  m_ObjectHideFlags: 0
  m_PrefabParentObject: {fileID: 1722757660383968, guid: a238e80981bb66647baa8020c3593de3,
    type: 2}
  m_PrefabInternal: {fileID: 1082326830}
  serializedVersion: 5
  m_Component:
  - component: {fileID: 1750992398}
  - component: {fileID: 1750992400}
  - component: {fileID: 1750992399}
  m_Layer: 5
  m_Name: toolbar
  m_TagString: Untagged
  m_Icon: {fileID: 0}
  m_NavMeshLayer: 0
  m_StaticEditorFlags: 0
  m_IsActive: 1
--- !u!224 &1750992398
RectTransform:
  m_ObjectHideFlags: 0
  m_PrefabParentObject: {fileID: 224949725182667970, guid: a238e80981bb66647baa8020c3593de3,
    type: 2}
  m_PrefabInternal: {fileID: 1082326830}
  m_GameObject: {fileID: 1750992397}
  m_LocalRotation: {x: 0, y: 0, z: 0, w: 1}
  m_LocalPosition: {x: 0, y: 0, z: 0}
  m_LocalScale: {x: 1, y: 1, z: 1}
  m_Children:
  - {fileID: 2125227319}
  - {fileID: 177535111}
  m_Father: {fileID: 1515829909}
  m_RootOrder: 0
  m_LocalEulerAnglesHint: {x: 0, y: 0, z: 0}
  m_AnchorMin: {x: 0.5, y: 0}
  m_AnchorMax: {x: 0.5, y: 0}
  m_AnchoredPosition: {x: -0.0000000045256456, y: 33.699997}
  m_SizeDelta: {x: 800, y: 67.3}
  m_Pivot: {x: 0.5, y: 0.5}
--- !u!114 &1750992399
MonoBehaviour:
  m_ObjectHideFlags: 0
  m_PrefabParentObject: {fileID: 114104810930095590, guid: a238e80981bb66647baa8020c3593de3,
    type: 2}
  m_PrefabInternal: {fileID: 1082326830}
  m_GameObject: {fileID: 1750992397}
  m_Enabled: 1
  m_EditorHideFlags: 0
  m_Script: {fileID: -765806418, guid: f70555f144d8491a825f0804e09c671c, type: 3}
  m_Name: 
  m_EditorClassIdentifier: 
  m_Material: {fileID: 0}
  m_Color: {r: 0.11764706, g: 0.11764706, b: 0.11764706, a: 0.7411765}
  m_RaycastTarget: 1
  m_OnCullStateChanged:
    m_PersistentCalls:
      m_Calls: []
    m_TypeName: UnityEngine.UI.MaskableGraphic+CullStateChangedEvent, UnityEngine.UI,
      Version=1.0.0.0, Culture=neutral, PublicKeyToken=null
  m_Sprite: {fileID: 0}
  m_Type: 0
  m_PreserveAspect: 0
  m_FillCenter: 1
  m_FillMethod: 4
  m_FillAmount: 1
  m_FillClockwise: 1
  m_FillOrigin: 0
--- !u!222 &1750992400
CanvasRenderer:
  m_ObjectHideFlags: 0
  m_PrefabParentObject: {fileID: 222293132840201476, guid: a238e80981bb66647baa8020c3593de3,
    type: 2}
  m_PrefabInternal: {fileID: 1082326830}
  m_GameObject: {fileID: 1750992397}
--- !u!1 &1775915531
GameObject:
  m_ObjectHideFlags: 0
  m_PrefabParentObject: {fileID: 1252729382811152, guid: a238e80981bb66647baa8020c3593de3,
    type: 2}
  m_PrefabInternal: {fileID: 1082326830}
  serializedVersion: 5
  m_Component:
  - component: {fileID: 1775915532}
  - component: {fileID: 1775915534}
  - component: {fileID: 1775915533}
  m_Layer: 5
  m_Name: Image
  m_TagString: Untagged
  m_Icon: {fileID: 0}
  m_NavMeshLayer: 0
  m_StaticEditorFlags: 0
  m_IsActive: 1
--- !u!224 &1775915532
RectTransform:
  m_ObjectHideFlags: 0
  m_PrefabParentObject: {fileID: 224372710224849414, guid: a238e80981bb66647baa8020c3593de3,
    type: 2}
  m_PrefabInternal: {fileID: 1082326830}
  m_GameObject: {fileID: 1775915531}
  m_LocalRotation: {x: 0, y: 0, z: 0, w: 1}
  m_LocalPosition: {x: 0, y: 0, z: 0}
  m_LocalScale: {x: 1, y: 1, z: 1}
  m_Children:
  - {fileID: 109613380}
  - {fileID: 737483892}
  - {fileID: 318149035}
  - {fileID: 495867512}
  m_Father: {fileID: 2125227319}
  m_RootOrder: 12
  m_LocalEulerAnglesHint: {x: 0, y: 0, z: 0}
  m_AnchorMin: {x: 0.5, y: 0.5}
  m_AnchorMax: {x: 0.5, y: 0.5}
  m_AnchoredPosition: {x: -482.99997, y: -53.600002}
  m_SizeDelta: {x: 159.3, y: 47.1}
  m_Pivot: {x: 0.49999988, y: 0.5}
--- !u!114 &1775915533
MonoBehaviour:
  m_ObjectHideFlags: 0
  m_PrefabParentObject: {fileID: 114198610539477938, guid: a238e80981bb66647baa8020c3593de3,
    type: 2}
  m_PrefabInternal: {fileID: 1082326830}
  m_GameObject: {fileID: 1775915531}
  m_Enabled: 1
  m_EditorHideFlags: 0
  m_Script: {fileID: -765806418, guid: f70555f144d8491a825f0804e09c671c, type: 3}
  m_Name: 
  m_EditorClassIdentifier: 
  m_Material: {fileID: 0}
  m_Color: {r: 0.6985294, g: 0.6985294, b: 0.6985294, a: 0.7411765}
  m_RaycastTarget: 1
  m_OnCullStateChanged:
    m_PersistentCalls:
      m_Calls: []
    m_TypeName: UnityEngine.UI.MaskableGraphic+CullStateChangedEvent, UnityEngine.UI,
      Version=1.0.0.0, Culture=neutral, PublicKeyToken=null
  m_Sprite: {fileID: 0}
  m_Type: 0
  m_PreserveAspect: 0
  m_FillCenter: 1
  m_FillMethod: 4
  m_FillAmount: 1
  m_FillClockwise: 1
  m_FillOrigin: 0
--- !u!222 &1775915534
CanvasRenderer:
  m_ObjectHideFlags: 0
  m_PrefabParentObject: {fileID: 222729363589551012, guid: a238e80981bb66647baa8020c3593de3,
    type: 2}
  m_PrefabInternal: {fileID: 1082326830}
  m_GameObject: {fileID: 1775915531}
--- !u!1 &1841477473
GameObject:
  m_ObjectHideFlags: 0
  m_PrefabParentObject: {fileID: 1379208119037044, guid: 83fdb820a9571ab44afcbff65722bd9c,
    type: 2}
  m_PrefabInternal: {fileID: 1845620920}
  serializedVersion: 5
  m_Component:
  - component: {fileID: 1841477474}
  - component: {fileID: 1841477477}
  - component: {fileID: 1841477476}
  - component: {fileID: 1841477475}
  m_Layer: 5
  m_Name: worldspace
  m_TagString: Untagged
  m_Icon: {fileID: 0}
  m_NavMeshLayer: 0
  m_StaticEditorFlags: 0
  m_IsActive: 1
--- !u!224 &1841477474
RectTransform:
  m_ObjectHideFlags: 0
  m_PrefabParentObject: {fileID: 224972666166830546, guid: 83fdb820a9571ab44afcbff65722bd9c,
    type: 2}
  m_PrefabInternal: {fileID: 1845620920}
  m_GameObject: {fileID: 1841477473}
  m_LocalRotation: {x: -0, y: -0, z: -0, w: 1}
  m_LocalPosition: {x: 0, y: 0, z: 0}
  m_LocalScale: {x: 0.009932652, y: 0.009932654, z: 0.008726324}
  m_Children:
  - {fileID: 1885010316}
  m_Father: {fileID: 1994027437}
  m_RootOrder: 4
  m_LocalEulerAnglesHint: {x: 0, y: 0, z: 0}
  m_AnchorMin: {x: 0, y: 0}
  m_AnchorMax: {x: 0, y: 0}
  m_AnchoredPosition: {x: -0.008000001, y: 0.265}
  m_SizeDelta: {x: 1111, y: 625}
  m_Pivot: {x: 0.5, y: 0.5}
--- !u!114 &1841477475
MonoBehaviour:
  m_ObjectHideFlags: 0
  m_PrefabParentObject: {fileID: 114926057067537288, guid: 83fdb820a9571ab44afcbff65722bd9c,
    type: 2}
  m_PrefabInternal: {fileID: 1845620920}
  m_GameObject: {fileID: 1841477473}
  m_Enabled: 1
  m_EditorHideFlags: 0
  m_Script: {fileID: 1301386320, guid: f70555f144d8491a825f0804e09c671c, type: 3}
  m_Name: 
  m_EditorClassIdentifier: 
  m_IgnoreReversedGraphics: 1
  m_BlockingObjects: 0
  m_BlockingMask:
    serializedVersion: 2
    m_Bits: 4294967295
--- !u!114 &1841477476
MonoBehaviour:
  m_ObjectHideFlags: 0
  m_PrefabParentObject: {fileID: 114502191643863876, guid: 83fdb820a9571ab44afcbff65722bd9c,
    type: 2}
  m_PrefabInternal: {fileID: 1845620920}
  m_GameObject: {fileID: 1841477473}
  m_Enabled: 1
  m_EditorHideFlags: 0
  m_Script: {fileID: 1980459831, guid: f70555f144d8491a825f0804e09c671c, type: 3}
  m_Name: 
  m_EditorClassIdentifier: 
  m_UiScaleMode: 0
  m_ReferencePixelsPerUnit: 100
  m_ScaleFactor: 1
  m_ReferenceResolution: {x: 800, y: 600}
  m_ScreenMatchMode: 0
  m_MatchWidthOrHeight: 0
  m_PhysicalUnit: 3
  m_FallbackScreenDPI: 96
  m_DefaultSpriteDPI: 96
  m_DynamicPixelsPerUnit: 1
--- !u!223 &1841477477
Canvas:
  m_ObjectHideFlags: 0
  m_PrefabParentObject: {fileID: 223283011986673222, guid: 83fdb820a9571ab44afcbff65722bd9c,
    type: 2}
  m_PrefabInternal: {fileID: 1845620920}
  m_GameObject: {fileID: 1841477473}
  m_Enabled: 1
  serializedVersion: 3
  m_RenderMode: 2
  m_Camera: {fileID: 0}
  m_PlaneDistance: 100
  m_PixelPerfect: 1
  m_ReceivesEvents: 1
  m_OverrideSorting: 0
  m_OverridePixelPerfect: 0
  m_SortingBucketNormalizedSize: 0
  m_AdditionalShaderChannelsFlag: 0
  m_SortingLayerID: 0
  m_SortingOrder: 0
  m_TargetDisplay: 0
--- !u!1001 &1845620920
Prefab:
  m_ObjectHideFlags: 0
  serializedVersion: 2
  m_Modification:
    m_TransformParent: {fileID: 0}
    m_Modifications:
    - target: {fileID: 114068012164369490, guid: 83fdb820a9571ab44afcbff65722bd9c,
        type: 2}
      propertyPath: ObservedComponents.Array.size
      value: 2
      objectReference: {fileID: 0}
    - target: {fileID: 4482309535004950, guid: 83fdb820a9571ab44afcbff65722bd9c, type: 2}
      propertyPath: m_LocalPosition.x
      value: 335.36597
      objectReference: {fileID: 0}
    - target: {fileID: 4482309535004950, guid: 83fdb820a9571ab44afcbff65722bd9c, type: 2}
      propertyPath: m_LocalPosition.y
      value: 298.27478
      objectReference: {fileID: 0}
    - target: {fileID: 4482309535004950, guid: 83fdb820a9571ab44afcbff65722bd9c, type: 2}
      propertyPath: m_LocalPosition.z
      value: 0
      objectReference: {fileID: 0}
    - target: {fileID: 4482309535004950, guid: 83fdb820a9571ab44afcbff65722bd9c, type: 2}
      propertyPath: m_LocalRotation.x
      value: 0
      objectReference: {fileID: 0}
    - target: {fileID: 4482309535004950, guid: 83fdb820a9571ab44afcbff65722bd9c, type: 2}
      propertyPath: m_LocalRotation.y
      value: 0
      objectReference: {fileID: 0}
    - target: {fileID: 4482309535004950, guid: 83fdb820a9571ab44afcbff65722bd9c, type: 2}
      propertyPath: m_LocalRotation.z
      value: 0
      objectReference: {fileID: 0}
    - target: {fileID: 4482309535004950, guid: 83fdb820a9571ab44afcbff65722bd9c, type: 2}
      propertyPath: m_LocalRotation.w
      value: 1
      objectReference: {fileID: 0}
    - target: {fileID: 4482309535004950, guid: 83fdb820a9571ab44afcbff65722bd9c, type: 2}
      propertyPath: m_RootOrder
      value: 1
      objectReference: {fileID: 0}
    - target: {fileID: 1640797336593258, guid: 83fdb820a9571ab44afcbff65722bd9c, type: 2}
      propertyPath: m_Name
      value: boss1 (1)
      objectReference: {fileID: 0}
    - target: {fileID: 114068012164369490, guid: 83fdb820a9571ab44afcbff65722bd9c,
        type: 2}
      propertyPath: viewIdField
      value: 1
      objectReference: {fileID: 0}
    - target: {fileID: 114068012164369490, guid: 83fdb820a9571ab44afcbff65722bd9c,
        type: 2}
      propertyPath: instantiationId
      value: 1
      objectReference: {fileID: 0}
    - target: {fileID: 114068012164369490, guid: 83fdb820a9571ab44afcbff65722bd9c,
        type: 2}
      propertyPath: ObservedComponents.Array.data[3]
      value: 
      objectReference: {fileID: 0}
    - target: {fileID: 114068012164369490, guid: 83fdb820a9571ab44afcbff65722bd9c,
        type: 2}
      propertyPath: ObservedComponents.Array.data[2]
      value: 
      objectReference: {fileID: 0}
    - target: {fileID: 114068012164369490, guid: 83fdb820a9571ab44afcbff65722bd9c,
        type: 2}
      propertyPath: ObservedComponents.Array.data[1]
      value: 
      objectReference: {fileID: 1845620921}
    - target: {fileID: 114068012164369490, guid: 83fdb820a9571ab44afcbff65722bd9c,
        type: 2}
      propertyPath: synchronization
      value: 3
      objectReference: {fileID: 0}
    - target: {fileID: 114068012164369490, guid: 83fdb820a9571ab44afcbff65722bd9c,
        type: 2}
      propertyPath: ObservedComponents.Array.data[0]
      value: 
      objectReference: {fileID: 1845620921}
    m_RemovedComponents: []
  m_ParentPrefab: {fileID: 100100000, guid: 83fdb820a9571ab44afcbff65722bd9c, type: 2}
  m_RootGameObject: {fileID: 1994027428}
  m_IsPrefabParent: 0
--- !u!114 &1845620921
MonoBehaviour:
  m_ObjectHideFlags: 0
  m_PrefabParentObject: {fileID: 114297355975899352, guid: 83fdb820a9571ab44afcbff65722bd9c,
    type: 2}
  m_PrefabInternal: {fileID: 1845620920}
  m_GameObject: {fileID: 1994027428}
  m_Enabled: 1
  m_EditorHideFlags: 0
  m_Script: {fileID: 11500000, guid: 627855c7f81362d41938ffe0b1475957, type: 3}
  m_Name: 
  m_EditorClassIdentifier: 
  m_PositionModel:
    SynchronizeEnabled: 1
    TeleportEnabled: 0
    TeleportIfDistanceGreaterThan: 3
    InterpolateOption: 4
    InterpolateMoveTowardsSpeed: 1
    InterpolateLerpSpeed: 10
    InterpolateMoveTowardsAcceleration: 2
    InterpolateMoveTowardsDeceleration: 2
    InterpolateSpeedCurve:
      serializedVersion: 2
      m_Curve:
      - serializedVersion: 2
        time: -1
        value: 0
        inSlope: 0
        outSlope: Infinity
        tangentMode: 0
      - serializedVersion: 2
        time: 0
        value: 1
        inSlope: 0
        outSlope: 0
        tangentMode: 0
      - serializedVersion: 2
        time: 1
        value: 1
        inSlope: 0
        outSlope: 1
        tangentMode: 0
      - serializedVersion: 2
        time: 4
        value: 4
        inSlope: 1
        outSlope: 0
        tangentMode: 0
      m_PreInfinity: 2
      m_PostInfinity: 2
      m_RotationOrder: 4
    ExtrapolateOption: 0
    ExtrapolateSpeed: 1
    ExtrapolateIncludingRoundTripTime: 1
    ExtrapolateNumberOfStoredPositions: 1
    DrawErrorGizmo: 0
  m_RotationModel:
    SynchronizeEnabled: 0
    InterpolateOption: 1
    InterpolateRotateTowardsSpeed: 180
    InterpolateLerpSpeed: 5
  m_ScaleModel:
    SynchronizeEnabled: 0
    InterpolateOption: 0
    InterpolateMoveTowardsSpeed: 1
    InterpolateLerpSpeed: 0
--- !u!1 &1885010313
GameObject:
  m_ObjectHideFlags: 0
  m_PrefabParentObject: {fileID: 1074333314210440, guid: 83fdb820a9571ab44afcbff65722bd9c,
    type: 2}
  m_PrefabInternal: {fileID: 1845620920}
  serializedVersion: 5
  m_Component:
  - component: {fileID: 1885010316}
  - component: {fileID: 1885010315}
  - component: {fileID: 1885010314}
  m_Layer: 5
  m_Name: Text
  m_TagString: Untagged
  m_Icon: {fileID: 0}
  m_NavMeshLayer: 0
  m_StaticEditorFlags: 0
  m_IsActive: 1
--- !u!114 &1885010314
MonoBehaviour:
  m_ObjectHideFlags: 0
  m_PrefabParentObject: {fileID: 114688422854178452, guid: 83fdb820a9571ab44afcbff65722bd9c,
    type: 2}
  m_PrefabInternal: {fileID: 1845620920}
  m_GameObject: {fileID: 1885010313}
  m_Enabled: 1
  m_EditorHideFlags: 0
  m_Script: {fileID: 708705254, guid: f70555f144d8491a825f0804e09c671c, type: 3}
  m_Name: 
  m_EditorClassIdentifier: 
  m_Material: {fileID: 0}
  m_Color: {r: 1, g: 0, b: 0, a: 1}
  m_RaycastTarget: 1
  m_OnCullStateChanged:
    m_PersistentCalls:
      m_Calls: []
    m_TypeName: UnityEngine.UI.MaskableGraphic+CullStateChangedEvent, UnityEngine.UI,
      Version=1.0.0.0, Culture=neutral, PublicKeyToken=null
  m_FontData:
    m_Font: {fileID: 12800000, guid: f2eca796be3f940209324820dfbfcc55, type: 2}
    m_FontSize: 72
    m_FontStyle: 0
    m_BestFit: 0
    m_MinSize: 10
    m_MaxSize: 72
    m_Alignment: 4
    m_AlignByGeometry: 0
    m_RichText: 1
    m_HorizontalOverflow: 0
    m_VerticalOverflow: 0
    m_LineSpacing: 1
  m_Text: 404 not found
--- !u!222 &1885010315
CanvasRenderer:
  m_ObjectHideFlags: 0
  m_PrefabParentObject: {fileID: 222288791239450386, guid: 83fdb820a9571ab44afcbff65722bd9c,
    type: 2}
  m_PrefabInternal: {fileID: 1845620920}
  m_GameObject: {fileID: 1885010313}
--- !u!224 &1885010316
RectTransform:
  m_ObjectHideFlags: 0
  m_PrefabParentObject: {fileID: 224080500414021834, guid: 83fdb820a9571ab44afcbff65722bd9c,
    type: 2}
  m_PrefabInternal: {fileID: 1845620920}
  m_GameObject: {fileID: 1885010313}
  m_LocalRotation: {x: 0, y: 0, z: 0, w: 1}
  m_LocalPosition: {x: 0, y: 0, z: 0}
  m_LocalScale: {x: 0.3610186, y: 0.36101875, z: 0.36101875}
  m_Children: []
  m_Father: {fileID: 1841477474}
  m_RootOrder: 0
  m_LocalEulerAnglesHint: {x: 0, y: 0, z: 0}
  m_AnchorMin: {x: 0.5, y: 0.5}
  m_AnchorMax: {x: 0.5, y: 0.5}
  m_AnchoredPosition: {x: 0.000024437999, y: -17.3}
  m_SizeDelta: {x: 383.8, y: 123.7}
  m_Pivot: {x: 0.5, y: 0.5}
--- !u!1 &1974774458
GameObject:
  m_ObjectHideFlags: 0
  m_PrefabParentObject: {fileID: 1828006653327320, guid: 83fdb820a9571ab44afcbff65722bd9c,
    type: 2}
  m_PrefabInternal: {fileID: 1845620920}
  serializedVersion: 5
  m_Component:
  - component: {fileID: 1974774459}
  - component: {fileID: 1974774461}
  - component: {fileID: 1974774460}
  m_Layer: 0
  m_Name: top
  m_TagString: sword
  m_Icon: {fileID: 0}
  m_NavMeshLayer: 0
  m_StaticEditorFlags: 0
  m_IsActive: 1
--- !u!4 &1974774459
Transform:
  m_ObjectHideFlags: 0
  m_PrefabParentObject: {fileID: 4055666453769894, guid: 83fdb820a9571ab44afcbff65722bd9c,
    type: 2}
  m_PrefabInternal: {fileID: 1845620920}
  m_GameObject: {fileID: 1974774458}
  m_LocalRotation: {x: -0, y: -0, z: -0, w: 1}
  m_LocalPosition: {x: 0.02, y: 0.66, z: 0}
  m_LocalScale: {x: 0.38470843, y: 0.38470843, z: 0.33798522}
  m_Children: []
  m_Father: {fileID: 1994027437}
  m_RootOrder: 3
  m_LocalEulerAnglesHint: {x: 0, y: 0, z: 0}
--- !u!61 &1974774460
BoxCollider2D:
  m_ObjectHideFlags: 0
  m_PrefabParentObject: {fileID: 61927715524129356, guid: 83fdb820a9571ab44afcbff65722bd9c,
    type: 2}
  m_PrefabInternal: {fileID: 1845620920}
  m_GameObject: {fileID: 1974774458}
  m_Enabled: 1
  m_Density: 1
  m_Material: {fileID: 0}
  m_IsTrigger: 1
  m_UsedByEffector: 0
  m_UsedByComposite: 0
  m_Offset: {x: 0, y: 0}
  m_SpriteTilingProperty:
    border: {x: 0, y: 0, z: 0, w: 0}
    pivot: {x: 0.5, y: 0.5}
    oldSize: {x: 1, y: 1}
    newSize: {x: 1, y: 1}
    adaptiveTilingThreshold: 0.5
    drawMode: 0
    adaptiveTiling: 0
  m_AutoTiling: 0
  serializedVersion: 2
  m_Size: {x: 1, y: 1}
  m_EdgeRadius: 0
--- !u!212 &1974774461
SpriteRenderer:
  m_ObjectHideFlags: 0
  m_PrefabParentObject: {fileID: 212645891609390792, guid: 83fdb820a9571ab44afcbff65722bd9c,
    type: 2}
  m_PrefabInternal: {fileID: 1845620920}
  m_GameObject: {fileID: 1974774458}
  m_Enabled: 1
  m_CastShadows: 0
  m_ReceiveShadows: 0
  m_MotionVectors: 1
  m_LightProbeUsage: 1
  m_ReflectionProbeUsage: 1
  m_Materials:
  - {fileID: 10754, guid: 0000000000000000f000000000000000, type: 0}
  m_StaticBatchInfo:
    firstSubMesh: 0
    subMeshCount: 0
  m_StaticBatchRoot: {fileID: 0}
  m_ProbeAnchor: {fileID: 0}
  m_LightProbeVolumeOverride: {fileID: 0}
  m_ScaleInLightmap: 1
  m_PreserveUVs: 0
  m_IgnoreNormalsForChartDetection: 0
  m_ImportantGI: 0
  m_SelectedEditorRenderState: 0
  m_MinimumChartSize: 4
  m_AutoUVMaxDistance: 0.5
  m_AutoUVMaxAngle: 89
  m_LightmapParameters: {fileID: 0}
  m_SortingLayerID: 0
  m_SortingLayer: 0
  m_SortingOrder: 0
  m_Sprite: {fileID: 21300000, guid: 9ccb86696d0b4834a8f6f44712558e72, type: 3}
  m_Color: {r: 1, g: 1, b: 1, a: 1}
  m_FlipX: 0
  m_FlipY: 0
  m_DrawMode: 0
  m_Size: {x: 1, y: 1}
  m_AdaptiveModeThreshold: 0.5
  m_SpriteTileMode: 0
  m_WasSpriteAssigned: 1
--- !u!1 &1994027428
GameObject:
  m_ObjectHideFlags: 0
  m_PrefabParentObject: {fileID: 1640797336593258, guid: 83fdb820a9571ab44afcbff65722bd9c,
    type: 2}
  m_PrefabInternal: {fileID: 1845620920}
  serializedVersion: 5
  m_Component:
  - component: {fileID: 1994027437}
  - component: {fileID: 1994027436}
  - component: {fileID: 1994027435}
  - component: {fileID: 1994027434}
  - component: {fileID: 1845620921}
  - component: {fileID: 1994027433}
  - component: {fileID: 1994027432}
  - component: {fileID: 1994027431}
  - component: {fileID: 1994027430}
  - component: {fileID: 1994027429}
  m_Layer: 0
  m_Name: boss1 (1)
  m_TagString: Untagged
  m_Icon: {fileID: 0}
  m_NavMeshLayer: 0
  m_StaticEditorFlags: 0
  m_IsActive: 1
--- !u!114 &1994027429
MonoBehaviour:
  m_ObjectHideFlags: 0
  m_PrefabParentObject: {fileID: 114218160812848580, guid: 83fdb820a9571ab44afcbff65722bd9c,
    type: 2}
  m_PrefabInternal: {fileID: 1845620920}
  m_GameObject: {fileID: 1994027428}
  m_Enabled: 1
  m_EditorHideFlags: 0
  m_Script: {fileID: 11500000, guid: 0e7cb724808c322458aa4d15f5035fa9, type: 3}
  m_Name: 
  m_EditorClassIdentifier: 
  m_SynchronizeVelocity: 1
  m_SynchronizeAngularVelocity: 1
--- !u!61 &1994027430
BoxCollider2D:
  m_ObjectHideFlags: 0
  m_PrefabParentObject: {fileID: 61759173067981262, guid: 83fdb820a9571ab44afcbff65722bd9c,
    type: 2}
  m_PrefabInternal: {fileID: 1845620920}
  m_GameObject: {fileID: 1994027428}
  m_Enabled: 1
  m_Density: 1
  m_Material: {fileID: 0}
  m_IsTrigger: 1
  m_UsedByEffector: 0
  m_UsedByComposite: 0
  m_Offset: {x: 0, y: 0}
  m_SpriteTilingProperty:
    border: {x: 0, y: 0, z: 0, w: 0}
    pivot: {x: 0.5, y: 0.5}
    oldSize: {x: 1, y: 1}
    newSize: {x: 1, y: 1}
    adaptiveTilingThreshold: 0.5
    drawMode: 0
    adaptiveTiling: 0
  m_AutoTiling: 0
  serializedVersion: 2
  m_Size: {x: 1, y: 1}
  m_EdgeRadius: 0
--- !u!50 &1994027431
Rigidbody2D:
  serializedVersion: 4
  m_ObjectHideFlags: 0
  m_PrefabParentObject: {fileID: 50792603830026602, guid: 83fdb820a9571ab44afcbff65722bd9c,
    type: 2}
  m_PrefabInternal: {fileID: 1845620920}
  m_GameObject: {fileID: 1994027428}
  m_BodyType: 0
  m_Simulated: 1
  m_UseFullKinematicContacts: 0
  m_UseAutoMass: 0
  m_Mass: 1
  m_LinearDrag: 0
  m_AngularDrag: 0
  m_GravityScale: 0
  m_Material: {fileID: 0}
  m_Interpolate: 0
  m_SleepingMode: 1
  m_CollisionDetection: 0
  m_Constraints: 0
--- !u!114 &1994027432
MonoBehaviour:
  m_ObjectHideFlags: 0
  m_PrefabParentObject: {fileID: 114796562544669144, guid: 83fdb820a9571ab44afcbff65722bd9c,
    type: 2}
  m_PrefabInternal: {fileID: 1845620920}
  m_GameObject: {fileID: 1994027428}
  m_Enabled: 1
  m_EditorHideFlags: 0
  m_Script: {fileID: 11500000, guid: 9b8c4a61274f60b4ea5fb4299cfdbf14, type: 3}
  m_Name: 
  m_EditorClassIdentifier: 
  ShowLayerWeightsInspector: 1
  ShowParameterInspector: 1
  m_SynchronizeParameters:
  - Type: 9
    SynchronizeType: 2
    Name: startattack
  m_SynchronizeLayers:
  - SynchronizeType: 0
    LayerIndex: 0
--- !u!95 &1994027433
Animator:
  serializedVersion: 3
  m_ObjectHideFlags: 0
  m_PrefabParentObject: {fileID: 95539691988821446, guid: 83fdb820a9571ab44afcbff65722bd9c,
    type: 2}
  m_PrefabInternal: {fileID: 1845620920}
  m_GameObject: {fileID: 1994027428}
  m_Enabled: 1
  m_Avatar: {fileID: 0}
  m_Controller: {fileID: 9100000, guid: 018649d2a91cf244a9d008c594ee463c, type: 2}
  m_CullingMode: 0
  m_UpdateMode: 0
  m_ApplyRootMotion: 0
  m_LinearVelocityBlending: 0
  m_WarningMessage: 
  m_HasTransformHierarchy: 1
  m_AllowConstantClipSamplingOptimization: 1
--- !u!114 &1994027434
MonoBehaviour:
  m_ObjectHideFlags: 0
  m_PrefabParentObject: {fileID: 114329765232075652, guid: 83fdb820a9571ab44afcbff65722bd9c,
    type: 2}
  m_PrefabInternal: {fileID: 1845620920}
  m_GameObject: {fileID: 1994027428}
  m_Enabled: 1
  m_EditorHideFlags: 0
  m_Script: {fileID: 11500000, guid: eaf02c1a25f92624d970f687be923e25, type: 3}
  m_Name: 
  m_EditorClassIdentifier: 
  timeLeft1: 3
  timeLeft12: 15
  health: 500
  attack: 10
  experiance: 2
  hp: {fileID: 1885010314}
  hptaken: 0
  animationparameter: startattack
  xpzone: {fileID: 0}
  xp: 15
  xn: -15
  yp: 0
  yn: 0
--- !u!114 &1994027435
MonoBehaviour:
  m_ObjectHideFlags: 0
  m_PrefabParentObject: {fileID: 114068012164369490, guid: 83fdb820a9571ab44afcbff65722bd9c,
    type: 2}
  m_PrefabInternal: {fileID: 1845620920}
  m_GameObject: {fileID: 1994027428}
  m_Enabled: 1
  m_EditorHideFlags: 0
  m_Script: {fileID: 11500000, guid: aa584fbee541324448dd18d8409c7a41, type: 3}
  m_Name: 
  m_EditorClassIdentifier: 
  ownerId: 0
  group: 0
  OwnerShipWasTransfered: 0
  prefixBackup: -1
  synchronization: 3
  onSerializeTransformOption: 3
  onSerializeRigidBodyOption: 2
  ownershipTransfer: 0
  ObservedComponents:
  - {fileID: 1845620921}
  - {fileID: 1845620921}
  ObservedComponentsFoldoutOpen: 1
  viewIdField: 1
  instantiationId: 1
  currentMasterID: -1
  isRuntimeInstantiated: 0
--- !u!212 &1994027436
SpriteRenderer:
  m_ObjectHideFlags: 0
  m_PrefabParentObject: {fileID: 212299875049169498, guid: 83fdb820a9571ab44afcbff65722bd9c,
    type: 2}
  m_PrefabInternal: {fileID: 1845620920}
  m_GameObject: {fileID: 1994027428}
  m_Enabled: 1
  m_CastShadows: 0
  m_ReceiveShadows: 0
  m_MotionVectors: 1
  m_LightProbeUsage: 1
  m_ReflectionProbeUsage: 1
  m_Materials:
  - {fileID: 10754, guid: 0000000000000000f000000000000000, type: 0}
  m_StaticBatchInfo:
    firstSubMesh: 0
    subMeshCount: 0
  m_StaticBatchRoot: {fileID: 0}
  m_ProbeAnchor: {fileID: 0}
  m_LightProbeVolumeOverride: {fileID: 0}
  m_ScaleInLightmap: 1
  m_PreserveUVs: 0
  m_IgnoreNormalsForChartDetection: 0
  m_ImportantGI: 0
  m_SelectedEditorRenderState: 0
  m_MinimumChartSize: 4
  m_AutoUVMaxDistance: 0.5
  m_AutoUVMaxAngle: 89
  m_LightmapParameters: {fileID: 0}
  m_SortingLayerID: 0
  m_SortingLayer: 0
  m_SortingOrder: 0
  m_Sprite: {fileID: 21300000, guid: 9ccb86696d0b4834a8f6f44712558e72, type: 3}
  m_Color: {r: 1, g: 1, b: 1, a: 1}
  m_FlipX: 0
  m_FlipY: 0
  m_DrawMode: 0
  m_Size: {x: 1, y: 1}
  m_AdaptiveModeThreshold: 0.5
  m_SpriteTileMode: 0
  m_WasSpriteAssigned: 1
--- !u!4 &1994027437
Transform:
  m_ObjectHideFlags: 0
  m_PrefabParentObject: {fileID: 4482309535004950, guid: 83fdb820a9571ab44afcbff65722bd9c,
    type: 2}
  m_PrefabInternal: {fileID: 1845620920}
  m_GameObject: {fileID: 1994027428}
  m_LocalRotation: {x: 0, y: 0, z: 0, w: 1}
  m_LocalPosition: {x: 335.36597, y: 298.27478, z: 0}
  m_LocalScale: {x: 100.67805, y: 100.67803, z: 114.595795}
  m_Children:
  - {fileID: 267802602}
  - {fileID: 2004324314}
  - {fileID: 1355199226}
  - {fileID: 1974774459}
  - {fileID: 1841477474}
  m_Father: {fileID: 0}
  m_RootOrder: 1
  m_LocalEulerAnglesHint: {x: 0, y: 0, z: 0}
--- !u!1 &2004324313
GameObject:
  m_ObjectHideFlags: 0
  m_PrefabParentObject: {fileID: 1313505454319892, guid: 83fdb820a9571ab44afcbff65722bd9c,
    type: 2}
  m_PrefabInternal: {fileID: 1845620920}
  serializedVersion: 5
  m_Component:
  - component: {fileID: 2004324314}
  - component: {fileID: 2004324316}
  - component: {fileID: 2004324315}
  m_Layer: 0
  m_Name: bot
  m_TagString: sword
  m_Icon: {fileID: 0}
  m_NavMeshLayer: 0
  m_StaticEditorFlags: 0
  m_IsActive: 1
--- !u!4 &2004324314
Transform:
  m_ObjectHideFlags: 0
  m_PrefabParentObject: {fileID: 4542033182540624, guid: 83fdb820a9571ab44afcbff65722bd9c,
    type: 2}
  m_PrefabInternal: {fileID: 1845620920}
  m_GameObject: {fileID: 2004324313}
  m_LocalRotation: {x: -0, y: -0, z: -0, w: 1}
  m_LocalPosition: {x: 0.013, y: -0.635, z: 0}
  m_LocalScale: {x: 0.38470843, y: 0.38470843, z: 0.33798522}
  m_Children: []
  m_Father: {fileID: 1994027437}
  m_RootOrder: 1
  m_LocalEulerAnglesHint: {x: 0, y: 0, z: 0}
--- !u!61 &2004324315
BoxCollider2D:
  m_ObjectHideFlags: 0
  m_PrefabParentObject: {fileID: 61535522322327456, guid: 83fdb820a9571ab44afcbff65722bd9c,
    type: 2}
  m_PrefabInternal: {fileID: 1845620920}
  m_GameObject: {fileID: 2004324313}
  m_Enabled: 1
  m_Density: 1
  m_Material: {fileID: 0}
  m_IsTrigger: 1
  m_UsedByEffector: 0
  m_UsedByComposite: 0
  m_Offset: {x: 0, y: 0}
  m_SpriteTilingProperty:
    border: {x: 0, y: 0, z: 0, w: 0}
    pivot: {x: 0.5, y: 0.5}
    oldSize: {x: 1, y: 1}
    newSize: {x: 1, y: 1}
    adaptiveTilingThreshold: 0.5
    drawMode: 0
    adaptiveTiling: 0
  m_AutoTiling: 0
  serializedVersion: 2
  m_Size: {x: 1, y: 1}
  m_EdgeRadius: 0
--- !u!212 &2004324316
SpriteRenderer:
  m_ObjectHideFlags: 0
  m_PrefabParentObject: {fileID: 212870118679367718, guid: 83fdb820a9571ab44afcbff65722bd9c,
    type: 2}
  m_PrefabInternal: {fileID: 1845620920}
  m_GameObject: {fileID: 2004324313}
  m_Enabled: 1
  m_CastShadows: 0
  m_ReceiveShadows: 0
  m_MotionVectors: 1
  m_LightProbeUsage: 1
  m_ReflectionProbeUsage: 1
  m_Materials:
  - {fileID: 10754, guid: 0000000000000000f000000000000000, type: 0}
  m_StaticBatchInfo:
    firstSubMesh: 0
    subMeshCount: 0
  m_StaticBatchRoot: {fileID: 0}
  m_ProbeAnchor: {fileID: 0}
  m_LightProbeVolumeOverride: {fileID: 0}
  m_ScaleInLightmap: 1
  m_PreserveUVs: 0
  m_IgnoreNormalsForChartDetection: 0
  m_ImportantGI: 0
  m_SelectedEditorRenderState: 0
  m_MinimumChartSize: 4
  m_AutoUVMaxDistance: 0.5
  m_AutoUVMaxAngle: 89
  m_LightmapParameters: {fileID: 0}
  m_SortingLayerID: 0
  m_SortingLayer: 0
  m_SortingOrder: 0
  m_Sprite: {fileID: 21300000, guid: 9ccb86696d0b4834a8f6f44712558e72, type: 3}
  m_Color: {r: 1, g: 1, b: 1, a: 1}
  m_FlipX: 0
  m_FlipY: 0
  m_DrawMode: 0
  m_Size: {x: 1, y: 1}
  m_AdaptiveModeThreshold: 0.5
  m_SpriteTileMode: 0
  m_WasSpriteAssigned: 1
--- !u!1 &2011399203
GameObject:
  m_ObjectHideFlags: 0
  m_PrefabParentObject: {fileID: 0}
  m_PrefabInternal: {fileID: 0}
  serializedVersion: 5
  m_Component:
  - component: {fileID: 2011399208}
  - component: {fileID: 2011399207}
  - component: {fileID: 2011399206}
  - component: {fileID: 2011399205}
  - component: {fileID: 2011399204}
  m_Layer: 0
  m_Name: Main Camera
  m_TagString: MainCamera
  m_Icon: {fileID: 0}
  m_NavMeshLayer: 0
  m_StaticEditorFlags: 0
  m_IsActive: 1
--- !u!81 &2011399204
AudioListener:
  m_ObjectHideFlags: 0
  m_PrefabParentObject: {fileID: 0}
  m_PrefabInternal: {fileID: 0}
  m_GameObject: {fileID: 2011399203}
  m_Enabled: 1
--- !u!124 &2011399205
Behaviour:
  m_ObjectHideFlags: 0
  m_PrefabParentObject: {fileID: 0}
  m_PrefabInternal: {fileID: 0}
  m_GameObject: {fileID: 2011399203}
  m_Enabled: 1
--- !u!92 &2011399206
Behaviour:
  m_ObjectHideFlags: 0
  m_PrefabParentObject: {fileID: 0}
  m_PrefabInternal: {fileID: 0}
  m_GameObject: {fileID: 2011399203}
  m_Enabled: 1
--- !u!20 &2011399207
Camera:
  m_ObjectHideFlags: 0
  m_PrefabParentObject: {fileID: 0}
  m_PrefabInternal: {fileID: 0}
  m_GameObject: {fileID: 2011399203}
  m_Enabled: 1
  serializedVersion: 2
  m_ClearFlags: 1
  m_BackGroundColor: {r: 0.19215687, g: 0.3019608, b: 0.4745098, a: 0}
  m_NormalizedViewPortRect:
    serializedVersion: 2
    x: 0
    y: 0
    width: 1
    height: 1
  near clip plane: 0.3
  far clip plane: 1000
  field of view: 60
  orthographic: 1
  orthographic size: 527.76
  m_Depth: -1
  m_CullingMask:
    serializedVersion: 2
    m_Bits: 4294967295
  m_RenderingPath: -1
  m_TargetTexture: {fileID: 0}
  m_TargetDisplay: 0
  m_TargetEye: 3
  m_HDR: 1
  m_AllowMSAA: 1
  m_ForceIntoRT: 0
  m_OcclusionCulling: 1
  m_StereoConvergence: 10
  m_StereoSeparation: 0.022
  m_StereoMirrorMode: 0
--- !u!4 &2011399208
Transform:
  m_ObjectHideFlags: 0
  m_PrefabParentObject: {fileID: 0}
  m_PrefabInternal: {fileID: 0}
  m_GameObject: {fileID: 2011399203}
  m_LocalRotation: {x: 0, y: 0, z: 0, w: 1}
  m_LocalPosition: {x: 0, y: 0, z: -10}
  m_LocalScale: {x: 1, y: 1, z: 1}
  m_Children: []
  m_Father: {fileID: 0}
  m_RootOrder: 0
  m_LocalEulerAnglesHint: {x: 0, y: 0, z: 0}
--- !u!1 &2125227318
GameObject:
  m_ObjectHideFlags: 0
  m_PrefabParentObject: {fileID: 1502692302918446, guid: a238e80981bb66647baa8020c3593de3,
    type: 2}
  m_PrefabInternal: {fileID: 1082326830}
  serializedVersion: 5
  m_Component:
  - component: {fileID: 2125227319}
  - component: {fileID: 2125227321}
  - component: {fileID: 2125227320}
  m_Layer: 5
  m_Name: Image
  m_TagString: Untagged
  m_Icon: {fileID: 0}
  m_NavMeshLayer: 0
  m_StaticEditorFlags: 0
  m_IsActive: 1
--- !u!224 &2125227319
RectTransform:
  m_ObjectHideFlags: 0
  m_PrefabParentObject: {fileID: 224698540823359188, guid: a238e80981bb66647baa8020c3593de3,
    type: 2}
  m_PrefabInternal: {fileID: 1082326830}
  m_GameObject: {fileID: 2125227318}
  m_LocalRotation: {x: 0, y: 0, z: 0, w: 1}
  m_LocalPosition: {x: 0, y: 0, z: 0}
  m_LocalScale: {x: 1, y: 1, z: 1}
  m_Children:
  - {fileID: 260120807}
  - {fileID: 1570267219}
  - {fileID: 262355175}
  - {fileID: 530438201}
  - {fileID: 730802328}
  - {fileID: 57286753}
  - {fileID: 448880113}
  - {fileID: 1165896478}
  - {fileID: 899923424}
  - {fileID: 248704005}
  - {fileID: 1276276301}
  - {fileID: 1325921628}
  - {fileID: 1775915532}
  m_Father: {fileID: 1750992398}
  m_RootOrder: 0
  m_LocalEulerAnglesHint: {x: 0, y: 0, z: 0}
  m_AnchorMin: {x: 0.5, y: 0.5}
  m_AnchorMax: {x: 0.5, y: 0.5}
  m_AnchoredPosition: {x: 300.00003, y: 54.35}
  m_SizeDelta: {x: 200, y: 176}
  m_Pivot: {x: 0.5, y: 0.5}
--- !u!114 &2125227320
MonoBehaviour:
  m_ObjectHideFlags: 0
  m_PrefabParentObject: {fileID: 114979846991124350, guid: a238e80981bb66647baa8020c3593de3,
    type: 2}
  m_PrefabInternal: {fileID: 1082326830}
  m_GameObject: {fileID: 2125227318}
  m_Enabled: 1
  m_EditorHideFlags: 0
  m_Script: {fileID: -765806418, guid: f70555f144d8491a825f0804e09c671c, type: 3}
  m_Name: 
  m_EditorClassIdentifier: 
  m_Material: {fileID: 0}
  m_Color: {r: 0.11764705, g: 0.11764705, b: 0.11764705, a: 0.741}
  m_RaycastTarget: 1
  m_OnCullStateChanged:
    m_PersistentCalls:
      m_Calls: []
    m_TypeName: UnityEngine.UI.MaskableGraphic+CullStateChangedEvent, UnityEngine.UI,
      Version=1.0.0.0, Culture=neutral, PublicKeyToken=null
  m_Sprite: {fileID: 0}
  m_Type: 0
  m_PreserveAspect: 0
  m_FillCenter: 1
  m_FillMethod: 4
  m_FillAmount: 1
  m_FillClockwise: 1
  m_FillOrigin: 0
--- !u!222 &2125227321
CanvasRenderer:
  m_ObjectHideFlags: 0
  m_PrefabParentObject: {fileID: 222088124090378314, guid: a238e80981bb66647baa8020c3593de3,
    type: 2}
  m_PrefabInternal: {fileID: 1082326830}
  m_GameObject: {fileID: 2125227318}
